INFO - 627 - Inside startServer()
INFO - 656 - 2023-11-15_09-47-36-+0000 UTC 0:00:00 - {"e":"aggTrade","E":1700041655937,"a":1916650518,"s":"BTCUSDT","p":"35844.80","q":"0.052","f":4291047027,"l":4291047028,"T":1700041655802,"m":true}
INFO - 812 - 2023-11-15_09-47-36-+0000 UTC 0:00:00 - {"e":"aggTrade","E":1700041656088,"a":1916650519,"s":"BTCUSDT","p":"35844.80","q":"0.003","f":4291047029,"l":4291047029,"T":1700041655935,"m":true}
INFO - 7 - 2023-11-15_09-47-37-+0000 UTC 0:00:00 - {"e":"aggTrade","E":1700041656295,"a":1916650520,"s":"BTCUSDT","p":"35844.80","q":"0.030","f":4291047030,"l":4291047030,"T":1700041656142,"m":true}
INFO - 145 - 2023-11-15_09-47-37-+0000 UTC 0:00:00 - {"e":"aggTrade","E":1700041656433,"a":1916650521,"s":"BTCUSDT","p":"35844.90","q":"0.003","f":4291047031,"l":4291047031,"T":1700041656305,"m":false}
INFO - 304 - 2023-11-15_09-47-37-+0000 UTC 0:00:00 - {"e":"aggTrade","E":1700041656584,"a":1916650522,"s":"BTCUSDT","p":"35844.80","q":"0.003","f":4291047032,"l":4291047032,"T":1700041656432,"m":true}
INFO - 522 - 2023-11-15_09-47-37-+0000 UTC 0:00:00 - {"e":"aggTrade","E":1700041656810,"a":1916650523,"s":"BTCUSDT","p":"35844.80","q":"0.100","f":4291047033,"l":4291047034,"T":1700041656657,"m":true}
INFO - 693 - 2023-11-15_09-47-37-+0000 UTC 0:00:00 - {"e":"aggTrade","E":1700041656571,"a":1421337114,"s":"ETHUSDT","p":"1990.94","q":"0.023","f":3361312978,"l":3361312978,"T":1700041656418,"m":true}
INFO - 709 - 2023-11-15_09-47-37-+0000 UTC 0:00:00 - {"e":"aggTrade","E":1700041656783,"a":1421337115,"s":"ETHUSDT","p":"1990.94","q":"0.094","f":3361312979,"l":3361312980,"T":1700041656630,"m":true}
INFO - 709 - 2023-11-15_09-47-37-+0000 UTC 0:00:00 - {"e":"aggTrade","E":1700041656938,"a":1421337116,"s":"ETHUSDT","p":"1990.95","q":"0.506","f":3361312981,"l":3361312981,"T":1700041656786,"m":false}
INFO - 876 - 2023-11-15_09-47-37-+0000 UTC 0:00:00 - {"e":"aggTrade","E":1700041656829,"a":1916650524,"s":"BTCUSDT","p":"35844.90","q":"0.003","f":4291047035,"l":4291047035,"T":1700041656820,"m":false}
INFO - 876 - 2023-11-15_09-47-37-+0000 UTC 0:00:00 - {"e":"aggTrade","E":1700041656980,"a":1916650525,"s":"BTCUSDT","p":"35844.80","q":"0.605","f":4291047036,"l":4291047044,"T":1700041656828,"m":true}
INFO - 931 - 2023-11-15_09-47-37-+0000 UTC 0:00:00 - {"e":"aggTrade","E":1700041657201,"a":1421337117,"s":"ETHUSDT","p":"1990.94","q":"0.020","f":3361312982,"l":3361312982,"T":1700041657049,"m":true}
INFO - 485 - 2023-11-15_09-47-38-+0000 UTC 0:00:00 - {"e":"aggTrade","E":1700041657779,"a":1916650526,"s":"BTCUSDT","p":"35844.80","q":"1.020","f":4291047045,"l":4291047053,"T":1700041657627,"m":true}
INFO - 545 - 2023-11-15_09-47-38-+0000 UTC 0:00:00 - {"e":"aggTrade","E":1700041657839,"a":1916650527,"s":"BTCUSDT","p":"35844.80","q":"0.036","f":4291047054,"l":4291047054,"T":1700041657825,"m":true}
INFO - 710 - 2023-11-15_09-47-38-+0000 UTC 0:00:00 - {"e":"aggTrade","E":1700041657990,"a":1916650528,"s":"BTCUSDT","p":"35844.90","q":"0.022","f":4291047055,"l":4291047055,"T":1700041657837,"m":false}
INFO - 783 - 2023-11-15_09-47-38-+0000 UTC 0:00:00 - {"e":"aggTrade","E":1700041658067,"a":1916650529,"s":"BTCUSDT","p":"35844.80","q":"0.014","f":4291047056,"l":4291047057,"T":1700041657990,"m":true}
INFO - 783 - 2023-11-15_09-47-38-+0000 UTC 0:00:00 - {"e":"aggTrade","E":1700041658060,"a":1421337118,"s":"ETHUSDT","p":"1990.94","q":"0.014","f":3361312983,"l":3361312983,"T":1700041657908,"m":true}
INFO - 929 - 2023-11-15_09-47-38-+0000 UTC 0:00:00 - {"e":"aggTrade","E":1700041658218,"a":1916650530,"s":"BTCUSDT","p":"35844.90","q":"0.010","f":4291047058,"l":4291047058,"T":1700041658065,"m":false}
INFO - 172 - 2023-11-15_09-47-39-+0000 UTC 0:00:00 - {"e":"aggTrade","E":1700041658453,"a":1916650531,"s":"BTCUSDT","p":"35844.80","q":"0.009","f":4291047059,"l":4291047059,"T":1700041658394,"m":true}
INFO - 307 - 2023-11-15_09-47-39-+0000 UTC 0:00:00 - {"e":"aggTrade","E":1700041658581,"a":1421337119,"s":"ETHUSDT","p":"1990.94","q":"0.024","f":3361312984,"l":3361312984,"T":1700041658429,"m":true}
INFO - 311 - 2023-11-15_09-47-39-+0000 UTC 0:00:00 - {"e":"aggTrade","E":1700041658604,"a":1916650532,"s":"BTCUSDT","p":"35844.90","q":"0.114","f":4291047060,"l":4291047061,"T":1700041658451,"m":false}
INFO - 492 - 2023-11-15_09-47-39-+0000 UTC 0:00:00 - {"e":"aggTrade","E":1700041658774,"a":1916650533,"s":"BTCUSDT","p":"35844.90","q":"0.006","f":4291047062,"l":4291047062,"T":1700041658641,"m":false}
INFO - 516 - 2023-11-15_09-47-39-+0000 UTC 0:00:00 - {"e":"aggTrade","E":1700041658789,"a":1421337120,"s":"ETHUSDT","p":"1990.94","q":"0.093","f":3361312985,"l":3361312986,"T":1700041658637,"m":true}
INFO - 604 - 2023-11-15_09-47-39-+0000 UTC 0:00:00 - {"e":"aggTrade","E":1700041658883,"a":1916650534,"s":"BTCUSDT","p":"35844.90","q":"0.003","f":4291047063,"l":4291047063,"T":1700041658773,"m":false}
INFO - 727 - 2023-11-15_09-47-39-+0000 UTC 0:00:00 - {"e":"aggTrade","E":1700041659006,"a":1421337121,"s":"ETHUSDT","p":"1990.94","q":"0.012","f":3361312987,"l":3361312987,"T":1700041658853,"m":true}
INFO - 746 - 2023-11-15_09-47-39-+0000 UTC 0:00:00 - {"e":"aggTrade","E":1700041659034,"a":1916650535,"s":"BTCUSDT","p":"35844.80","q":"0.010","f":4291047064,"l":4291047064,"T":1700041658882,"m":true}
INFO - 26 - 2023-11-15_09-47-40-+0000 UTC 0:00:00 - {"e":"aggTrade","E":1700041659297,"a":1421337122,"s":"ETHUSDT","p":"1990.94","q":"1.017","f":3361312988,"l":3361312992,"T":1700041659190,"m":true}
INFO - 66 - 2023-11-15_09-47-40-+0000 UTC 0:00:00 - {"e":"aggTrade","E":1700041659339,"a":1421337123,"s":"ETHUSDT","p":"1990.95","q":"14.029","f":3361312993,"l":3361313019,"T":1700041659295,"m":false}
INFO - 195 - 2023-11-15_09-47-40-+0000 UTC 0:00:00 - {"e":"aggTrade","E":1700041659463,"a":1421337124,"s":"ETHUSDT","p":"1990.96","q":"0.011","f":3361313020,"l":3361313020,"T":1700041659337,"m":false}
INFO - 312 - 2023-11-15_09-47-40-+0000 UTC 0:00:00 - {"e":"aggTrade","E":1700041659346,"a":1916650536,"s":"BTCUSDT","p":"35844.90","q":"4.466","f":4291047065,"l":4291047086,"T":1700041659291,"m":false}
INFO - 312 - 2023-11-15_09-47-40-+0000 UTC 0:00:00 - {"e":"aggTrade","E":1700041659347,"a":1916650537,"s":"BTCUSDT","p":"35845.00","q":"0.028","f":4291047087,"l":4291047093,"T":1700041659344,"m":false}
INFO - 312 - 2023-11-15_09-47-40-+0000 UTC 0:00:00 - {"e":"aggTrade","E":1700041659347,"a":1916650538,"s":"BTCUSDT","p":"35845.20","q":"0.003","f":4291047094,"l":4291047094,"T":1700041659344,"m":false}
INFO - 312 - 2023-11-15_09-47-40-+0000 UTC 0:00:00 - {"e":"aggTrade","E":1700041659347,"a":1916650539,"s":"BTCUSDT","p":"35845.50","q":"0.004","f":4291047095,"l":4291047096,"T":1700041659344,"m":false}
INFO - 312 - 2023-11-15_09-47-40-+0000 UTC 0:00:00 - {"e":"aggTrade","E":1700041659412,"a":1916650540,"s":"BTCUSDT","p":"35845.70","q":"0.005","f":4291047097,"l":4291047097,"T":1700041659344,"m":false}
INFO - 312 - 2023-11-15_09-47-40-+0000 UTC 0:00:00 - {"e":"aggTrade","E":1700041659424,"a":1916650541,"s":"BTCUSDT","p":"35845.90","q":"0.167","f":4291047098,"l":4291047105,"T":1700041659409,"m":false}
INFO - 341 - 2023-11-15_09-47-40-+0000 UTC 0:00:00 - {"e":"aggTrade","E":1700041659614,"a":1421337125,"s":"ETHUSDT","p":"1991.05","q":"0.154","f":3361313021,"l":3361313025,"T":1700041659461,"m":false}
INFO - 363 - 2023-11-15_09-47-40-+0000 UTC 0:00:00 - {"e":"aggTrade","E":1700041659447,"a":1916650542,"s":"BTCUSDT","p":"35847.50","q":"0.040","f":4291047106,"l":4291047106,"T":1700041659422,"m":false}
INFO - 363 - 2023-11-15_09-47-40-+0000 UTC 0:00:00 - {"e":"aggTrade","E":1700041659447,"a":1916650543,"s":"BTCUSDT","p":"35847.60","q":"0.003","f":4291047107,"l":4291047107,"T":1700041659445,"m":false}
INFO - 363 - 2023-11-15_09-47-40-+0000 UTC 0:00:00 - {"e":"aggTrade","E":1700041659448,"a":1916650544,"s":"BTCUSDT","p":"35847.80","q":"0.008","f":4291047108,"l":4291047110,"T":1700041659445,"m":false}
INFO - 363 - 2023-11-15_09-47-40-+0000 UTC 0:00:00 - {"e":"aggTrade","E":1700041659448,"a":1916650545,"s":"BTCUSDT","p":"35848.00","q":"0.003","f":4291047111,"l":4291047111,"T":1700041659446,"m":false}
INFO - 363 - 2023-11-15_09-47-40-+0000 UTC 0:00:00 - {"e":"aggTrade","E":1700041659448,"a":1916650546,"s":"BTCUSDT","p":"35848.20","q":"0.010","f":4291047112,"l":4291047113,"T":1700041659446,"m":false}
INFO - 363 - 2023-11-15_09-47-40-+0000 UTC 0:00:00 - {"e":"aggTrade","E":1700041659547,"a":1916650547,"s":"BTCUSDT","p":"35848.40","q":"0.004","f":4291047114,"l":4291047114,"T":1700041659446,"m":false}
INFO - 428 - 2023-11-15_09-47-40-+0000 UTC 0:00:00 - {"e":"aggTrade","E":1700041659698,"a":1916650548,"s":"BTCUSDT","p":"35848.40","q":"2.045","f":4291047115,"l":4291047123,"T":1700041659545,"m":true}
INFO - 635 - 2023-11-15_09-47-40-+0000 UTC 0:00:00 - {"e":"aggTrade","E":1700041659920,"a":1916650549,"s":"BTCUSDT","p":"35848.40","q":"0.204","f":4291047124,"l":4291047126,"T":1700041659809,"m":true}
INFO - 780 - 2023-11-15_09-47-40-+0000 UTC 0:00:00 - {"e":"aggTrade","E":1700041660071,"a":1916650550,"s":"BTCUSDT","p":"35848.50","q":"0.036","f":4291047127,"l":4291047129,"T":1700041659919,"m":false}
INFO - 110 - 2023-11-15_09-47-41-+0000 UTC 0:00:00 - {"e":"aggTrade","E":1700041660390,"a":1916650551,"s":"BTCUSDT","p":"35848.40","q":"0.007","f":4291047130,"l":4291047130,"T":1700041660238,"m":true}
INFO - 262 - 2023-11-15_09-47-41-+0000 UTC 0:00:00 - {"e":"aggTrade","E":1700041660540,"a":1916650552,"s":"BTCUSDT","p":"35848.50","q":"1.523","f":4291047131,"l":4291047142,"T":1700041660530,"m":false}
INFO - 263 - 2023-11-15_09-47-41-+0000 UTC 0:00:00 - {"e":"aggTrade","E":1700041660540,"a":1916650553,"s":"BTCUSDT","p":"35848.60","q":"0.006","f":4291047143,"l":4291047144,"T":1700041660537,"m":false}
INFO - 265 - 2023-11-15_09-47-41-+0000 UTC 0:00:00 - {"e":"aggTrade","E":1700041660540,"a":1916650554,"s":"BTCUSDT","p":"35849.30","q":"0.005","f":4291047145,"l":4291047145,"T":1700041660537,"m":false}
INFO - 265 - 2023-11-15_09-47-41-+0000 UTC 0:00:00 - {"e":"aggTrade","E":1700041660540,"a":1916650555,"s":"BTCUSDT","p":"35849.40","q":"0.003","f":4291047146,"l":4291047146,"T":1700041660537,"m":false}
INFO - 265 - 2023-11-15_09-47-41-+0000 UTC 0:00:00 - {"e":"aggTrade","E":1700041660540,"a":1916650556,"s":"BTCUSDT","p":"35849.60","q":"0.006","f":4291047147,"l":4291047148,"T":1700041660537,"m":false}
INFO - 346 - 2023-11-15_09-47-41-+0000 UTC 0:00:00 - {"e":"aggTrade","E":1700041660556,"a":1916650557,"s":"BTCUSDT","p":"35849.90","q":"0.009","f":4291047149,"l":4291047150,"T":1700041660537,"m":false}
INFO - 346 - 2023-11-15_09-47-41-+0000 UTC 0:00:00 - {"e":"aggTrade","E":1700041660588,"a":1916650558,"s":"BTCUSDT","p":"35850.00","q":"0.003","f":4291047151,"l":4291047151,"T":1700041660554,"m":false}
INFO - 399 - 2023-11-15_09-47-41-+0000 UTC 0:00:00 - {"e":"aggTrade","E":1700041659931,"a":1421337126,"s":"ETHUSDT","p":"1991.05","q":"1.227","f":3361313026,"l":3361313029,"T":1700041659778,"m":false}
INFO - 399 - 2023-11-15_09-47-41-+0000 UTC 0:00:00 - {"e":"aggTrade","E":1700041660193,"a":1421337127,"s":"ETHUSDT","p":"1991.05","q":"1.216","f":3361313030,"l":3361313030,"T":1700041660041,"m":false}
INFO - 411 - 2023-11-15_09-47-41-+0000 UTC 0:00:00 - {"e":"aggTrade","E":1700041660478,"a":1421337128,"s":"ETHUSDT","p":"1991.04","q":"0.023","f":3361313031,"l":3361313031,"T":1700041660326,"m":true}
INFO - 447 - 2023-11-15_09-47-41-+0000 UTC 0:00:00 - {"e":"aggTrade","E":1700041660640,"a":1916650559,"s":"BTCUSDT","p":"35850.30","q":"0.008","f":4291047152,"l":4291047152,"T":1700041660586,"m":true}
INFO - 449 - 2023-11-15_09-47-41-+0000 UTC 0:00:00 - {"e":"aggTrade","E":1700041660640,"a":1916650560,"s":"BTCUSDT","p":"35850.40","q":"0.003","f":4291047153,"l":4291047153,"T":1700041660639,"m":false}
INFO - 450 - 2023-11-15_09-47-41-+0000 UTC 0:00:00 - {"e":"aggTrade","E":1700041660663,"a":1916650561,"s":"BTCUSDT","p":"35850.50","q":"0.003","f":4291047154,"l":4291047155,"T":1700041660639,"m":false}
INFO - 529 - 2023-11-15_09-47-41-+0000 UTC 0:00:00 - {"e":"aggTrade","E":1700041660814,"a":1916650562,"s":"BTCUSDT","p":"35850.60","q":"0.003","f":4291047156,"l":4291047156,"T":1700041660662,"m":false}
INFO - 676 - 2023-11-15_09-47-41-+0000 UTC 0:00:00 - {"e":"aggTrade","E":1700041660961,"a":1916650563,"s":"BTCUSDT","p":"35851.20","q":"0.003","f":4291047157,"l":4291047157,"T":1700041660854,"m":true}
INFO - 833 - 2023-11-15_09-47-41-+0000 UTC 0:00:00 - {"e":"aggTrade","E":1700041661112,"a":1916650564,"s":"BTCUSDT","p":"35851.20","q":"0.412","f":4291047158,"l":4291047159,"T":1700041660959,"m":true}
INFO - 850 - 2023-11-15_09-47-41-+0000 UTC 0:00:00 - {"e":"aggTrade","E":1700041660693,"a":1421337129,"s":"ETHUSDT","p":"1991.04","q":"0.092","f":3361313032,"l":3361313032,"T":1700041660540,"m":true}
INFO - 850 - 2023-11-15_09-47-41-+0000 UTC 0:00:00 - {"e":"aggTrade","E":1700041660740,"a":1421337130,"s":"ETHUSDT","p":"1991.05","q":"0.335","f":3361313033,"l":3361313036,"T":1700041660737,"m":false}
INFO - 860 - 2023-11-15_09-47-41-+0000 UTC 0:00:00 - {"e":"aggTrade","E":1700041660740,"a":1421337131,"s":"ETHUSDT","p":"1991.06","q":"0.011","f":3361313037,"l":3361313037,"T":1700041660737,"m":false}
INFO - 862 - 2023-11-15_09-47-41-+0000 UTC 0:00:00 - {"e":"aggTrade","E":1700041660740,"a":1421337132,"s":"ETHUSDT","p":"1991.07","q":"0.039","f":3361313038,"l":3361313038,"T":1700041660737,"m":false}
INFO - 863 - 2023-11-15_09-47-41-+0000 UTC 0:00:00 - {"e":"aggTrade","E":1700041660740,"a":1421337133,"s":"ETHUSDT","p":"1991.10","q":"0.013","f":3361313039,"l":3361313039,"T":1700041660737,"m":false}
INFO - 50 - 2023-11-15_09-47-42-+0000 UTC 0:00:00 - {"e":"aggTrade","E":1700041660740,"a":1421337134,"s":"ETHUSDT","p":"1991.13","q":"0.015","f":3361313040,"l":3361313040,"T":1700041660737,"m":false}
INFO - 54 - 2023-11-15_09-47-42-+0000 UTC 0:00:00 - {"e":"aggTrade","E":1700041660740,"a":1421337135,"s":"ETHUSDT","p":"1991.18","q":"0.398","f":3361313041,"l":3361313041,"T":1700041660737,"m":false}
INFO - 56 - 2023-11-15_09-47-42-+0000 UTC 0:00:00 - {"e":"aggTrade","E":1700041660740,"a":1421337136,"s":"ETHUSDT","p":"1991.19","q":"0.735","f":3361313042,"l":3361313042,"T":1700041660737,"m":false}
INFO - 60 - 2023-11-15_09-47-42-+0000 UTC 0:00:00 - {"e":"aggTrade","E":1700041660740,"a":1421337137,"s":"ETHUSDT","p":"1991.21","q":"4.283","f":3361313043,"l":3361313045,"T":1700041660737,"m":false}
INFO - 63 - 2023-11-15_09-47-42-+0000 UTC 0:00:00 - {"e":"aggTrade","E":1700041660891,"a":1421337138,"s":"ETHUSDT","p":"1991.22","q":"4.712","f":3361313046,"l":3361313047,"T":1700041660737,"m":false}
INFO - 66 - 2023-11-15_09-47-42-+0000 UTC 0:00:00 - {"e":"aggTrade","E":1700041661215,"a":1421337139,"s":"ETHUSDT","p":"1991.22","q":"0.016","f":3361313048,"l":3361313048,"T":1700041661063,"m":true}
INFO - 614 - 2023-11-15_09-47-42-+0000 UTC 0:00:00 - {"e":"aggTrade","E":1700041661894,"a":1916650565,"s":"BTCUSDT","p":"35851.20","q":"0.025","f":4291047160,"l":4291047160,"T":1700041661743,"m":true}
INFO - 10 - 2023-11-15_09-47-43-+0000 UTC 0:00:00 - {"e":"aggTrade","E":1700041662290,"a":1916650566,"s":"BTCUSDT","p":"35851.30","q":"0.003","f":4291047161,"l":4291047161,"T":1700041662138,"m":false}
INFO - 207 - 2023-11-15_09-47-43-+0000 UTC 0:00:00 - {"e":"aggTrade","E":1700041662493,"a":1421337140,"s":"ETHUSDT","p":"1991.22","q":"0.516","f":3361313049,"l":3361313051,"T":1700041662341,"m":true}
INFO - 263 - 2023-11-15_09-47-43-+0000 UTC 0:00:00 - {"e":"aggTrade","E":1700041662549,"a":1916650567,"s":"BTCUSDT","p":"35851.20","q":"0.355","f":4291047162,"l":4291047169,"T":1700041662397,"m":true}
INFO - 329 - 2023-11-15_09-47-43-+0000 UTC 0:00:00 - {"e":"aggTrade","E":1700041662603,"a":1421337141,"s":"ETHUSDT","p":"1991.23","q":"0.040","f":3361313052,"l":3361313054,"T":1700041662492,"m":false}
INFO - 481 - 2023-11-15_09-47-43-+0000 UTC 0:00:00 - {"e":"aggTrade","E":1700041662754,"a":1421337142,"s":"ETHUSDT","p":"1991.22","q":"1.303","f":3361313055,"l":3361313055,"T":1700041662601,"m":true}
INFO - 781 - 2023-11-15_09-47-43-+0000 UTC 0:00:00 - {"e":"aggTrade","E":1700041663061,"a":1916650568,"s":"BTCUSDT","p":"35851.30","q":"1.000","f":4291047170,"l":4291047184,"T":1700041662908,"m":false}
INFO - 843 - 2023-11-15_09-47-43-+0000 UTC 0:00:00 - {"e":"aggTrade","E":1700041663115,"a":1421337143,"s":"ETHUSDT","p":"1991.22","q":"79.965","f":3361313056,"l":3361313116,"T":1700041663069,"m":true}
INFO - 846 - 2023-11-15_09-47-43-+0000 UTC 0:00:00 - {"e":"aggTrade","E":1700041663115,"a":1421337144,"s":"ETHUSDT","p":"1991.21","q":"1.927","f":3361313117,"l":3361313121,"T":1700041663113,"m":true}
INFO - 846 - 2023-11-15_09-47-43-+0000 UTC 0:00:00 - {"e":"aggTrade","E":1700041663115,"a":1421337145,"s":"ETHUSDT","p":"1991.15","q":"2.843","f":3361313122,"l":3361313123,"T":1700041663113,"m":true}
INFO - 846 - 2023-11-15_09-47-43-+0000 UTC 0:00:00 - {"e":"aggTrade","E":1700041663115,"a":1421337146,"s":"ETHUSDT","p":"1991.14","q":"0.015","f":3361313124,"l":3361313124,"T":1700041663113,"m":true}
INFO - 846 - 2023-11-15_09-47-43-+0000 UTC 0:00:00 - {"e":"aggTrade","E":1700041663115,"a":1421337147,"s":"ETHUSDT","p":"1991.13","q":"2.120","f":3361313125,"l":3361313125,"T":1700041663113,"m":true}
INFO - 846 - 2023-11-15_09-47-43-+0000 UTC 0:00:00 - {"e":"aggTrade","E":1700041663115,"a":1421337148,"s":"ETHUSDT","p":"1991.12","q":"0.942","f":3361313126,"l":3361313128,"T":1700041663113,"m":true}
INFO - 846 - 2023-11-15_09-47-43-+0000 UTC 0:00:00 - {"e":"aggTrade","E":1700041663115,"a":1421337149,"s":"ETHUSDT","p":"1991.11","q":"0.223","f":3361313129,"l":3361313130,"T":1700041663113,"m":true}
INFO - 846 - 2023-11-15_09-47-43-+0000 UTC 0:00:00 - {"e":"aggTrade","E":1700041663115,"a":1421337150,"s":"ETHUSDT","p":"1991.10","q":"5.153","f":3361313131,"l":3361313133,"T":1700041663113,"m":true}
INFO - 860 - 2023-11-15_09-47-43-+0000 UTC 0:00:00 - {"e":"aggTrade","E":1700041663115,"a":1421337151,"s":"ETHUSDT","p":"1991.09","q":"2.330","f":3361313134,"l":3361313136,"T":1700041663113,"m":true}
INFO - 860 - 2023-11-15_09-47-43-+0000 UTC 0:00:00 - {"e":"aggTrade","E":1700041663116,"a":1421337152,"s":"ETHUSDT","p":"1991.08","q":"1.506","f":3361313137,"l":3361313138,"T":1700041663113,"m":true}
INFO - 860 - 2023-11-15_09-47-43-+0000 UTC 0:00:00 - {"e":"aggTrade","E":1700041663116,"a":1421337153,"s":"ETHUSDT","p":"1991.07","q":"6.270","f":3361313139,"l":3361313143,"T":1700041663113,"m":true}
INFO - 927 - 2023-11-15_09-47-43-+0000 UTC 0:00:00 - {"e":"aggTrade","E":1700041663211,"a":1916650569,"s":"BTCUSDT","p":"35851.20","q":"2.190","f":4291047185,"l":4291047200,"T":1700041663206,"m":true}
INFO - 927 - 2023-11-15_09-47-43-+0000 UTC 0:00:00 - {"e":"aggTrade","E":1700041663211,"a":1916650570,"s":"BTCUSDT","p":"35851.10","q":"0.150","f":4291047201,"l":4291047204,"T":1700041663209,"m":true}
INFO - 961 - 2023-11-15_09-47-43-+0000 UTC 0:00:00 - {"e":"aggTrade","E":1700041663237,"a":1916650571,"s":"BTCUSDT","p":"35851.00","q":"0.002","f":4291047205,"l":4291047206,"T":1700041663209,"m":true}
INFO - 975 - 2023-11-15_09-47-43-+0000 UTC 0:00:00 - {"e":"aggTrade","E":1700041663237,"a":1916650572,"s":"BTCUSDT","p":"35850.40","q":"0.001","f":4291047207,"l":4291047207,"T":1700041663234,"m":true}
INFO - 977 - 2023-11-15_09-47-43-+0000 UTC 0:00:00 - {"e":"aggTrade","E":1700041663237,"a":1916650573,"s":"BTCUSDT","p":"35850.20","q":"0.001","f":4291047208,"l":4291047208,"T":1700041663234,"m":true}
INFO - 980 - 2023-11-15_09-47-43-+0000 UTC 0:00:00 - {"e":"aggTrade","E":1700041663237,"a":1916650574,"s":"BTCUSDT","p":"35850.00","q":"0.010","f":4291047209,"l":4291047209,"T":1700041663234,"m":true}
INFO - 980 - 2023-11-15_09-47-43-+0000 UTC 0:00:00 - {"e":"aggTrade","E":1700041663237,"a":1916650575,"s":"BTCUSDT","p":"35849.80","q":"0.012","f":4291047210,"l":4291047210,"T":1700041663234,"m":true}
INFO - 980 - 2023-11-15_09-47-43-+0000 UTC 0:00:00 - {"e":"aggTrade","E":1700041663238,"a":1916650576,"s":"BTCUSDT","p":"35849.50","q":"0.010","f":4291047211,"l":4291047211,"T":1700041663234,"m":true}
INFO - 980 - 2023-11-15_09-47-43-+0000 UTC 0:00:00 - {"e":"aggTrade","E":1700041663239,"a":1916650577,"s":"BTCUSDT","p":"35849.00","q":"0.010","f":4291047212,"l":4291047212,"T":1700041663234,"m":true}
INFO - 980 - 2023-11-15_09-47-43-+0000 UTC 0:00:00 - {"e":"aggTrade","E":1700041663239,"a":1916650578,"s":"BTCUSDT","p":"35848.90","q":"0.001","f":4291047213,"l":4291047213,"T":1700041663235,"m":true}
INFO - 10 - 2023-11-15_09-47-44-+0000 UTC 0:00:00 - {"e":"aggTrade","E":1700041663239,"a":1916650579,"s":"BTCUSDT","p":"35848.80","q":"0.003","f":4291047214,"l":4291047214,"T":1700041663235,"m":true}
INFO - 27 - 2023-11-15_09-47-44-+0000 UTC 0:00:00 - {"e":"aggTrade","E":1700041663116,"a":1421337154,"s":"ETHUSDT","p":"1991.06","q":"6.341","f":3361313144,"l":3361313146,"T":1700041663113,"m":true}
INFO - 27 - 2023-11-15_09-47-44-+0000 UTC 0:00:00 - {"e":"aggTrade","E":1700041663116,"a":1421337155,"s":"ETHUSDT","p":"1991.05","q":"8.809","f":3361313147,"l":3361313147,"T":1700041663113,"m":true}
INFO - 27 - 2023-11-15_09-47-44-+0000 UTC 0:00:00 - {"e":"aggTrade","E":1700041663116,"a":1421337156,"s":"ETHUSDT","p":"1991.04","q":"24.763","f":3361313148,"l":3361313154,"T":1700041663113,"m":true}
INFO - 27 - 2023-11-15_09-47-44-+0000 UTC 0:00:00 - {"e":"aggTrade","E":1700041663202,"a":1421337157,"s":"ETHUSDT","p":"1991.03","q":"21.793","f":3361313155,"l":3361313157,"T":1700041663113,"m":true}
INFO - 43 - 2023-11-15_09-47-44-+0000 UTC 0:00:00 - {"e":"aggTrade","E":1700041663202,"a":1421337158,"s":"ETHUSDT","p":"1991.02","q":"1.121","f":3361313158,"l":3361313161,"T":1700041663200,"m":true}
INFO - 44 - 2023-11-15_09-47-44-+0000 UTC 0:00:00 - {"e":"aggTrade","E":1700041663202,"a":1421337159,"s":"ETHUSDT","p":"1991.01","q":"0.512","f":3361313162,"l":3361313163,"T":1700041663200,"m":true}
INFO - 44 - 2023-11-15_09-47-44-+0000 UTC 0:00:00 - {"e":"aggTrade","E":1700041663202,"a":1421337160,"s":"ETHUSDT","p":"1991.00","q":"0.187","f":3361313164,"l":3361313164,"T":1700041663200,"m":true}
INFO - 44 - 2023-11-15_09-47-44-+0000 UTC 0:00:00 - {"e":"aggTrade","E":1700041663202,"a":1421337161,"s":"ETHUSDT","p":"1990.98","q":"0.137","f":3361313165,"l":3361313166,"T":1700041663200,"m":true}
INFO - 44 - 2023-11-15_09-47-44-+0000 UTC 0:00:00 - {"e":"aggTrade","E":1700041663202,"a":1421337162,"s":"ETHUSDT","p":"1990.96","q":"0.100","f":3361313167,"l":3361313167,"T":1700041663200,"m":true}
INFO - 44 - 2023-11-15_09-47-44-+0000 UTC 0:00:00 - {"e":"aggTrade","E":1700041663215,"a":1421337163,"s":"ETHUSDT","p":"1990.95","q":"0.242","f":3361313168,"l":3361313168,"T":1700041663200,"m":true}
INFO - 110 - 2023-11-15_09-47-44-+0000 UTC 0:00:00 - {"e":"aggTrade","E":1700041663298,"a":1916650580,"s":"BTCUSDT","p":"35848.50","q":"0.014","f":4291047215,"l":4291047217,"T":1700041663235,"m":true}
INFO - 161 - 2023-11-15_09-47-44-+0000 UTC 0:00:00 - {"e":"aggTrade","E":1700041663449,"a":1916650581,"s":"BTCUSDT","p":"35848.40","q":"0.025","f":4291047218,"l":4291047219,"T":1700041663296,"m":true}
INFO - 651 - 2023-11-15_09-47-44-+0000 UTC 0:00:00 - {"e":"aggTrade","E":1700041663932,"a":1916650582,"s":"BTCUSDT","p":"35848.40","q":"0.038","f":4291047220,"l":4291047224,"T":1700041663779,"m":true}
INFO - 935 - 2023-11-15_09-47-44-+0000 UTC 0:00:00 - {"e":"aggTrade","E":1700041664221,"a":1916650583,"s":"BTCUSDT","p":"35848.40","q":"0.402","f":4291047225,"l":4291047238,"T":1700041664216,"m":true}
INFO - 935 - 2023-11-15_09-47-44-+0000 UTC 0:00:00 - {"e":"aggTrade","E":1700041664221,"a":1916650584,"s":"BTCUSDT","p":"35848.30","q":"0.006","f":4291047239,"l":4291047242,"T":1700041664216,"m":true}
INFO - 935 - 2023-11-15_09-47-44-+0000 UTC 0:00:00 - {"e":"aggTrade","E":1700041664221,"a":1916650585,"s":"BTCUSDT","p":"35848.10","q":"0.001","f":4291047243,"l":4291047243,"T":1700041664216,"m":true}
INFO - 952 - 2023-11-15_09-47-44-+0000 UTC 0:00:00 - {"e":"aggTrade","E":1700041664221,"a":1916650586,"s":"BTCUSDT","p":"35848.00","q":"0.010","f":4291047244,"l":4291047244,"T":1700041664216,"m":true}
INFO - 956 - 2023-11-15_09-47-44-+0000 UTC 0:00:00 - {"e":"aggTrade","E":1700041664221,"a":1916650587,"s":"BTCUSDT","p":"35847.90","q":"0.002","f":4291047245,"l":4291047246,"T":1700041664216,"m":true}
INFO - 960 - 2023-11-15_09-47-44-+0000 UTC 0:00:00 - {"e":"aggTrade","E":1700041664221,"a":1916650588,"s":"BTCUSDT","p":"35847.80","q":"0.010","f":4291047247,"l":4291047247,"T":1700041664216,"m":true}
INFO - 965 - 2023-11-15_09-47-44-+0000 UTC 0:00:00 - {"e":"aggTrade","E":1700041664221,"a":1916650589,"s":"BTCUSDT","p":"35847.60","q":"0.005","f":4291047248,"l":4291047248,"T":1700041664216,"m":true}
INFO - 968 - 2023-11-15_09-47-44-+0000 UTC 0:00:00 - {"e":"aggTrade","E":1700041664221,"a":1916650590,"s":"BTCUSDT","p":"35847.50","q":"0.011","f":4291047249,"l":4291047250,"T":1700041664216,"m":true}
INFO - 972 - 2023-11-15_09-47-44-+0000 UTC 0:00:00 - {"e":"aggTrade","E":1700041664221,"a":1916650591,"s":"BTCUSDT","p":"35847.40","q":"0.002","f":4291047251,"l":4291047252,"T":1700041664216,"m":true}
INFO - 976 - 2023-11-15_09-47-44-+0000 UTC 0:00:00 - {"e":"aggTrade","E":1700041664221,"a":1916650592,"s":"BTCUSDT","p":"35847.20","q":"0.001","f":4291047253,"l":4291047253,"T":1700041664216,"m":true}
INFO - 979 - 2023-11-15_09-47-44-+0000 UTC 0:00:00 - {"e":"aggTrade","E":1700041664221,"a":1916650593,"s":"BTCUSDT","p":"35847.10","q":"0.001","f":4291047254,"l":4291047254,"T":1700041664216,"m":true}
INFO - 982 - 2023-11-15_09-47-44-+0000 UTC 0:00:00 - {"e":"aggTrade","E":1700041664221,"a":1916650594,"s":"BTCUSDT","p":"35847.00","q":"0.010","f":4291047255,"l":4291047255,"T":1700041664216,"m":true}
INFO - 982 - 2023-11-15_09-47-44-+0000 UTC 0:00:00 - {"e":"aggTrade","E":1700041664221,"a":1916650595,"s":"BTCUSDT","p":"35846.90","q":"0.002","f":4291047256,"l":4291047257,"T":1700041664216,"m":true}
INFO - 982 - 2023-11-15_09-47-44-+0000 UTC 0:00:00 - {"e":"aggTrade","E":1700041664221,"a":1916650596,"s":"BTCUSDT","p":"35846.80","q":"0.005","f":4291047258,"l":4291047260,"T":1700041664216,"m":true}
INFO - 982 - 2023-11-15_09-47-44-+0000 UTC 0:00:00 - {"e":"aggTrade","E":1700041664221,"a":1916650597,"s":"BTCUSDT","p":"35846.70","q":"0.002","f":4291047261,"l":4291047262,"T":1700041664216,"m":true}
INFO - 982 - 2023-11-15_09-47-44-+0000 UTC 0:00:00 - {"e":"aggTrade","E":1700041664221,"a":1916650598,"s":"BTCUSDT","p":"35846.60","q":"0.051","f":4291047263,"l":4291047264,"T":1700041664216,"m":true}
INFO - 982 - 2023-11-15_09-47-44-+0000 UTC 0:00:00 - {"e":"aggTrade","E":1700041664221,"a":1916650599,"s":"BTCUSDT","p":"35846.50","q":"0.011","f":4291047265,"l":4291047266,"T":1700041664216,"m":true}
INFO - 982 - 2023-11-15_09-47-44-+0000 UTC 0:00:00 - {"e":"aggTrade","E":1700041664221,"a":1916650600,"s":"BTCUSDT","p":"35846.30","q":"0.001","f":4291047267,"l":4291047267,"T":1700041664216,"m":true}
INFO - 982 - 2023-11-15_09-47-44-+0000 UTC 0:00:00 - {"e":"aggTrade","E":1700041664221,"a":1916650601,"s":"BTCUSDT","p":"35846.20","q":"0.002","f":4291047268,"l":4291047269,"T":1700041664216,"m":true}
INFO - 997 - 2023-11-15_09-47-44-+0000 UTC 0:00:00 - {"e":"aggTrade","E":1700041664221,"a":1916650602,"s":"BTCUSDT","p":"35846.10","q":"0.051","f":4291047270,"l":4291047271,"T":1700041664216,"m":true}
INFO - 997 - 2023-11-15_09-47-44-+0000 UTC 0:00:00 - {"e":"aggTrade","E":1700041664221,"a":1916650603,"s":"BTCUSDT","p":"35846.00","q":"0.142","f":4291047272,"l":4291047273,"T":1700041664216,"m":true}
INFO - 125 - 2023-11-15_09-47-45-+0000 UTC 0:00:00 - {"e":"aggTrade","E":1700041664221,"a":1916650604,"s":"BTCUSDT","p":"35845.90","q":"0.001","f":4291047274,"l":4291047274,"T":1700041664216,"m":true}
INFO - 127 - 2023-11-15_09-47-45-+0000 UTC 0:00:00 - {"e":"aggTrade","E":1700041664221,"a":1916650605,"s":"BTCUSDT","p":"35845.80","q":"0.012","f":4291047275,"l":4291047277,"T":1700041664216,"m":true}
INFO - 129 - 2023-11-15_09-47-45-+0000 UTC 0:00:00 - {"e":"aggTrade","E":1700041664221,"a":1916650606,"s":"BTCUSDT","p":"35845.50","q":"0.307","f":4291047278,"l":4291047281,"T":1700041664216,"m":true}
INFO - 130 - 2023-11-15_09-47-45-+0000 UTC 0:00:00 - {"e":"aggTrade","E":1700041664236,"a":1916650607,"s":"BTCUSDT","p":"35845.40","q":"0.182","f":4291047282,"l":4291047282,"T":1700041664216,"m":true}
INFO - 132 - 2023-11-15_09-47-45-+0000 UTC 0:00:00 - {"e":"aggTrade","E":1700041664387,"a":1916650608,"s":"BTCUSDT","p":"35845.30","q":"0.077","f":4291047283,"l":4291047286,"T":1700041664234,"m":true}
INFO - 280 - 2023-11-15_09-47-45-+0000 UTC 0:00:00 - {"e":"aggTrade","E":1700041663361,"a":1421337164,"s":"ETHUSDT","p":"1990.95","q":"0.890","f":3361313169,"l":3361313171,"T":1700041663213,"m":false}
INFO - 282 - 2023-11-15_09-47-45-+0000 UTC 0:00:00 - {"e":"aggTrade","E":1700041663512,"a":1421337165,"s":"ETHUSDT","p":"1990.94","q":"3.969","f":3361313172,"l":3361313178,"T":1700041663360,"m":true}
INFO - 283 - 2023-11-15_09-47-45-+0000 UTC 0:00:00 - {"e":"aggTrade","E":1700041663767,"a":1421337166,"s":"ETHUSDT","p":"1990.94","q":"0.155","f":3361313179,"l":3361313179,"T":1700041663624,"m":true}
INFO - 285 - 2023-11-15_09-47-45-+0000 UTC 0:00:00 - {"e":"aggTrade","E":1700041663918,"a":1421337167,"s":"ETHUSDT","p":"1990.94","q":"0.227","f":3361313180,"l":3361313180,"T":1700041663766,"m":true}
INFO - 287 - 2023-11-15_09-47-45-+0000 UTC 0:00:00 - {"e":"aggTrade","E":1700041664510,"a":1421337168,"s":"ETHUSDT","p":"1990.94","q":"0.028","f":3361313181,"l":3361313181,"T":1700041664358,"m":true}
INFO - 295 - 2023-11-15_09-47-45-+0000 UTC 0:00:00 - {"e":"aggTrade","E":1700041664565,"a":1916650609,"s":"BTCUSDT","p":"35845.40","q":"0.010","f":4291047287,"l":4291047287,"T":1700041664547,"m":false}
INFO - 296 - 2023-11-15_09-47-45-+0000 UTC 0:00:00 - {"e":"aggTrade","E":1700041664567,"a":1916650610,"s":"BTCUSDT","p":"35845.30","q":"0.115","f":4291047288,"l":4291047309,"T":1700041664563,"m":true}
INFO - 310 - 2023-11-15_09-47-45-+0000 UTC 0:00:00 - {"e":"aggTrade","E":1700041664585,"a":1916650611,"s":"BTCUSDT","p":"35845.20","q":"0.007","f":4291047310,"l":4291047312,"T":1700041664564,"m":true}
INFO - 310 - 2023-11-15_09-47-45-+0000 UTC 0:00:00 - {"e":"aggTrade","E":1700041664585,"a":1916650612,"s":"BTCUSDT","p":"35845.10","q":"0.001","f":4291047313,"l":4291047313,"T":1700041664583,"m":true}
INFO - 376 - 2023-11-15_09-47-45-+0000 UTC 0:00:00 - {"e":"aggTrade","E":1700041664647,"a":1916650613,"s":"BTCUSDT","p":"35845.00","q":"0.001","f":4291047314,"l":4291047314,"T":1700041664583,"m":true}
INFO - 516 - 2023-11-15_09-47-45-+0000 UTC 0:00:00 - {"e":"aggTrade","E":1700041664788,"a":1421337169,"s":"ETHUSDT","p":"1990.94","q":"0.219","f":3361313182,"l":3361313182,"T":1700041664651,"m":true}
INFO - 518 - 2023-11-15_09-47-45-+0000 UTC 0:00:00 - {"e":"aggTrade","E":1700041664798,"a":1916650614,"s":"BTCUSDT","p":"35844.90","q":"0.009","f":4291047315,"l":4291047317,"T":1700041664646,"m":true}
INFO - 658 - 2023-11-15_09-47-45-+0000 UTC 0:00:00 - {"e":"aggTrade","E":1700041664939,"a":1421337170,"s":"ETHUSDT","p":"1990.94","q":"0.100","f":3361313183,"l":3361313183,"T":1700041664786,"m":true}
INFO - 717 - 2023-11-15_09-47-45-+0000 UTC 0:00:00 - {"e":"aggTrade","E":1700041664999,"a":1916650615,"s":"BTCUSDT","p":"35844.90","q":"0.012","f":4291047318,"l":4291047318,"T":1700041664847,"m":true}
INFO - 57 - 2023-11-15_09-47-46-+0000 UTC 0:00:00 - {"e":"aggTrade","E":1700041665337,"a":1916650616,"s":"BTCUSDT","p":"35844.90","q":"0.139","f":4291047319,"l":4291047324,"T":1700041665335,"m":true}
INFO - 57 - 2023-11-15_09-47-46-+0000 UTC 0:00:00 - {"e":"aggTrade","E":1700041665337,"a":1916650617,"s":"BTCUSDT","p":"35844.80","q":"0.386","f":4291047325,"l":4291047336,"T":1700041665335,"m":true}
INFO - 192 - 2023-11-15_09-47-46-+0000 UTC 0:00:00 - {"e":"aggTrade","E":1700041665476,"a":1421337171,"s":"ETHUSDT","p":"1990.95","q":"10.000","f":3361313184,"l":3361313189,"T":1700041665323,"m":false}
INFO - 249 - 2023-11-15_09-47-46-+0000 UTC 0:00:00 - {"e":"aggTrade","E":1700041665337,"a":1916650618,"s":"BTCUSDT","p":"35844.70","q":"0.001","f":4291047337,"l":4291047337,"T":1700041665335,"m":true}
INFO - 249 - 2023-11-15_09-47-46-+0000 UTC 0:00:00 - {"e":"aggTrade","E":1700041665337,"a":1916650619,"s":"BTCUSDT","p":"35844.60","q":"0.005","f":4291047338,"l":4291047338,"T":1700041665335,"m":true}
INFO - 249 - 2023-11-15_09-47-46-+0000 UTC 0:00:00 - {"e":"aggTrade","E":1700041665337,"a":1916650620,"s":"BTCUSDT","p":"35844.50","q":"0.013","f":4291047339,"l":4291047340,"T":1700041665335,"m":true}
INFO - 258 - 2023-11-15_09-47-46-+0000 UTC 0:00:00 - {"e":"aggTrade","E":1700041665337,"a":1916650621,"s":"BTCUSDT","p":"35844.40","q":"0.001","f":4291047341,"l":4291047341,"T":1700041665335,"m":true}
INFO - 260 - 2023-11-15_09-47-46-+0000 UTC 0:00:00 - {"e":"aggTrade","E":1700041665337,"a":1916650622,"s":"BTCUSDT","p":"35844.10","q":"0.001","f":4291047342,"l":4291047342,"T":1700041665335,"m":true}
INFO - 262 - 2023-11-15_09-47-46-+0000 UTC 0:00:00 - {"e":"aggTrade","E":1700041665337,"a":1916650623,"s":"BTCUSDT","p":"35844.00","q":"0.189","f":4291047343,"l":4291047345,"T":1700041665335,"m":true}
INFO - 263 - 2023-11-15_09-47-46-+0000 UTC 0:00:00 - {"e":"aggTrade","E":1700041665337,"a":1916650624,"s":"BTCUSDT","p":"35843.80","q":"0.003","f":4291047346,"l":4291047346,"T":1700041665335,"m":true}
INFO - 265 - 2023-11-15_09-47-46-+0000 UTC 0:00:00 - {"e":"aggTrade","E":1700041665337,"a":1916650625,"s":"BTCUSDT","p":"35843.50","q":"0.010","f":4291047347,"l":4291047347,"T":1700041665335,"m":true}
INFO - 267 - 2023-11-15_09-47-46-+0000 UTC 0:00:00 - {"e":"aggTrade","E":1700041665337,"a":1916650626,"s":"BTCUSDT","p":"35843.10","q":"0.003","f":4291047348,"l":4291047348,"T":1700041665335,"m":true}
INFO - 269 - 2023-11-15_09-47-46-+0000 UTC 0:00:00 - {"e":"aggTrade","E":1700041665337,"a":1916650627,"s":"BTCUSDT","p":"35843.00","q":"0.130","f":4291047349,"l":4291047350,"T":1700041665335,"m":true}
INFO - 269 - 2023-11-15_09-47-46-+0000 UTC 0:00:00 - {"e":"aggTrade","E":1700041665337,"a":1916650628,"s":"BTCUSDT","p":"35842.80","q":"0.003","f":4291047351,"l":4291047351,"T":1700041665335,"m":true}
INFO - 269 - 2023-11-15_09-47-46-+0000 UTC 0:00:00 - {"e":"aggTrade","E":1700041665337,"a":1916650629,"s":"BTCUSDT","p":"35842.70","q":"0.072","f":4291047352,"l":4291047353,"T":1700041665335,"m":true}
INFO - 278 - 2023-11-15_09-47-46-+0000 UTC 0:00:00 - {"e":"aggTrade","E":1700041665337,"a":1916650630,"s":"BTCUSDT","p":"35842.50","q":"0.017","f":4291047354,"l":4291047356,"T":1700041665335,"m":true}
INFO - 280 - 2023-11-15_09-47-46-+0000 UTC 0:00:00 - {"e":"aggTrade","E":1700041665337,"a":1916650631,"s":"BTCUSDT","p":"35842.30","q":"0.014","f":4291047357,"l":4291047357,"T":1700041665335,"m":true}
INFO - 282 - 2023-11-15_09-47-46-+0000 UTC 0:00:00 - {"e":"aggTrade","E":1700041665338,"a":1916650632,"s":"BTCUSDT","p":"35842.20","q":"0.005","f":4291047358,"l":4291047358,"T":1700041665335,"m":true}
INFO - 284 - 2023-11-15_09-47-46-+0000 UTC 0:00:00 - {"e":"aggTrade","E":1700041665477,"a":1916650633,"s":"BTCUSDT","p":"35842.00","q":"0.144","f":4291047359,"l":4291047362,"T":1700041665335,"m":true}
INFO - 285 - 2023-11-15_09-47-46-+0000 UTC 0:00:00 - {"e":"aggTrade","E":1700041665504,"a":1916650634,"s":"BTCUSDT","p":"35842.10","q":"0.053","f":4291047363,"l":4291047363,"T":1700041665476,"m":false}
INFO - 407 - 2023-11-15_09-47-46-+0000 UTC 0:00:00 - {"e":"aggTrade","E":1700041665679,"a":1421337172,"s":"ETHUSDT","p":"1990.94","q":"0.162","f":3361313190,"l":3361313190,"T":1700041665527,"m":true}
INFO - 429 - 2023-11-15_09-47-46-+0000 UTC 0:00:00 - {"e":"aggTrade","E":1700041665655,"a":1916650635,"s":"BTCUSDT","p":"35842.00","q":"0.011","f":4291047364,"l":4291047364,"T":1700041665502,"m":true}
INFO - 572 - 2023-11-15_09-47-46-+0000 UTC 0:00:00 - {"e":"aggTrade","E":1700041665853,"a":1916650636,"s":"BTCUSDT","p":"35842.00","q":"0.250","f":4291047365,"l":4291047367,"T":1700041665701,"m":true}
INFO - 609 - 2023-11-15_09-47-46-+0000 UTC 0:00:00 - {"e":"aggTrade","E":1700041665887,"a":1916650637,"s":"BTCUSDT","p":"35842.10","q":"0.005","f":4291047368,"l":4291047368,"T":1700041665858,"m":false}
INFO - 691 - 2023-11-15_09-47-46-+0000 UTC 0:00:00 - {"e":"aggTrade","E":1700041665949,"a":1421337173,"s":"ETHUSDT","p":"1990.94","q":"3.871","f":3361313191,"l":3361313192,"T":1700041665797,"m":true}
INFO - 761 - 2023-11-15_09-47-46-+0000 UTC 0:00:00 - {"e":"aggTrade","E":1700041666038,"a":1916650638,"s":"BTCUSDT","p":"35842.00","q":"0.266","f":4291047369,"l":4291047369,"T":1700041665886,"m":true}
INFO - 38 - 2023-11-15_09-47-47-+0000 UTC 0:00:00 - {"e":"aggTrade","E":1700041666065,"a":1421337174,"s":"ETHUSDT","p":"1990.94","q":"11.935","f":3361313193,"l":3361313213,"T":1700041666055,"m":true}
INFO - 54 - 2023-11-15_09-47-47-+0000 UTC 0:00:00 - {"e":"aggTrade","E":1700041666065,"a":1421337175,"s":"ETHUSDT","p":"1990.93","q":"0.011","f":3361313214,"l":3361313214,"T":1700041666063,"m":true}
INFO - 54 - 2023-11-15_09-47-47-+0000 UTC 0:00:00 - {"e":"aggTrade","E":1700041666079,"a":1421337176,"s":"ETHUSDT","p":"1990.92","q":"3.127","f":3361313215,"l":3361313216,"T":1700041666063,"m":true}
INFO - 54 - 2023-11-15_09-47-47-+0000 UTC 0:00:00 - {"e":"aggTrade","E":1700041666230,"a":1421337177,"s":"ETHUSDT","p":"1990.91","q":"0.172","f":3361313217,"l":3361313218,"T":1700041666076,"m":true}
INFO - 491 - 2023-11-15_09-47-47-+0000 UTC 0:00:00 - {"e":"aggTrade","E":1700041666772,"a":1916650639,"s":"BTCUSDT","p":"35842.10","q":"0.141","f":4291047370,"l":4291047370,"T":1700041666621,"m":false}
INFO - 794 - 2023-11-15_09-47-47-+0000 UTC 0:00:00 - {"e":"aggTrade","E":1700041667066,"a":1421337178,"s":"ETHUSDT","p":"1990.91","q":"0.066","f":3361313219,"l":3361313219,"T":1700041666914,"m":true}
INFO - 962 - 2023-11-15_09-47-47-+0000 UTC 0:00:00 - {"e":"aggTrade","E":1700041667241,"a":1421337179,"s":"ETHUSDT","p":"1990.91","q":"1.462","f":3361313220,"l":3361313220,"T":1700041667202,"m":true}
INFO - 98 - 2023-11-15_09-47-48-+0000 UTC 0:00:00 - {"e":"aggTrade","E":1700041667374,"a":1916650640,"s":"BTCUSDT","p":"35842.00","q":"0.110","f":4291047371,"l":4291047371,"T":1700041667302,"m":true}
INFO - 119 - 2023-11-15_09-47-48-+0000 UTC 0:00:00 - {"e":"aggTrade","E":1700041667392,"a":1421337180,"s":"ETHUSDT","p":"1990.92","q":"0.136","f":3361313221,"l":3361313221,"T":1700041667240,"m":false}
INFO - 192 - 2023-11-15_09-47-48-+0000 UTC 0:00:00 - {"e":"aggTrade","E":1700041667471,"a":1916650641,"s":"BTCUSDT","p":"35842.10","q":"0.006","f":4291047372,"l":4291047372,"T":1700041667373,"m":false}
INFO - 195 - 2023-11-15_09-47-48-+0000 UTC 0:00:00 - {"e":"aggTrade","E":1700041667478,"a":1421337181,"s":"ETHUSDT","p":"1990.91","q":"8.339","f":3361313222,"l":3361313225,"T":1700041667476,"m":true}
INFO - 226 - 2023-11-15_09-47-48-+0000 UTC 0:00:00 - {"e":"aggTrade","E":1700041667495,"a":1421337182,"s":"ETHUSDT","p":"1990.90","q":"0.044","f":3361313226,"l":3361313228,"T":1700041667476,"m":true}
INFO - 292 - 2023-11-15_09-47-48-+0000 UTC 0:00:00 - {"e":"aggTrade","E":1700041667577,"a":1916650642,"s":"BTCUSDT","p":"35842.00","q":"1.500","f":4291047373,"l":4291047380,"T":1700041667470,"m":true}
INFO - 343 - 2023-11-15_09-47-48-+0000 UTC 0:00:00 - {"e":"aggTrade","E":1700041667515,"a":1421337183,"s":"ETHUSDT","p":"1990.88","q":"0.015","f":3361313229,"l":3361313229,"T":1700041667494,"m":true}
INFO - 343 - 2023-11-15_09-47-48-+0000 UTC 0:00:00 - {"e":"aggTrade","E":1700041667516,"a":1421337184,"s":"ETHUSDT","p":"1990.86","q":"0.101","f":3361313230,"l":3361313232,"T":1700041667513,"m":true}
INFO - 361 - 2023-11-15_09-47-48-+0000 UTC 0:00:00 - {"e":"aggTrade","E":1700041667517,"a":1421337185,"s":"ETHUSDT","p":"1990.85","q":"0.011","f":3361313233,"l":3361313234,"T":1700041667514,"m":true}
INFO - 361 - 2023-11-15_09-47-48-+0000 UTC 0:00:00 - {"e":"aggTrade","E":1700041667517,"a":1421337186,"s":"ETHUSDT","p":"1990.84","q":"0.030","f":3361313235,"l":3361313237,"T":1700041667514,"m":true}
INFO - 425 - 2023-11-15_09-47-48-+0000 UTC 0:00:00 - {"e":"aggTrade","E":1700041667668,"a":1421337187,"s":"ETHUSDT","p":"1990.81","q":"0.030","f":3361313238,"l":3361313239,"T":1700041667514,"m":true}
INFO - 442 - 2023-11-15_09-47-48-+0000 UTC 0:00:00 - {"e":"aggTrade","E":1700041667728,"a":1916650643,"s":"BTCUSDT","p":"35842.00","q":"0.040","f":4291047381,"l":4291047385,"T":1700041667576,"m":true}
INFO - 637 - 2023-11-15_09-47-48-+0000 UTC 0:00:00 - {"e":"aggTrade","E":1700041667910,"a":1421337188,"s":"ETHUSDT","p":"1990.80","q":"0.075","f":3361313240,"l":3361313241,"T":1700041667757,"m":true}
INFO - 754 - 2023-11-15_09-47-48-+0000 UTC 0:00:00 - {"e":"aggTrade","E":1700041668034,"a":1916650644,"s":"BTCUSDT","p":"35842.00","q":"0.107","f":4291047386,"l":4291047399,"T":1700041667882,"m":true}
INFO - 930 - 2023-11-15_09-47-48-+0000 UTC 0:00:00 - {"e":"aggTrade","E":1700041668196,"a":1421337189,"s":"ETHUSDT","p":"1990.80","q":"0.100","f":3361313242,"l":3361313242,"T":1700041668044,"m":true}
INFO - 289 - 2023-11-15_09-47-49-+0000 UTC 0:00:00 - {"e":"aggTrade","E":1700041668407,"a":1421337190,"s":"ETHUSDT","p":"1990.81","q":"0.030","f":3361313243,"l":3361313243,"T":1700041668255,"m":false}
INFO - 289 - 2023-11-15_09-47-49-+0000 UTC 0:00:00 - {"e":"aggTrade","E":1700041668572,"a":1916650645,"s":"BTCUSDT","p":"35842.00","q":"0.863","f":4291047400,"l":4291047411,"T":1700041668570,"m":true}
INFO - 289 - 2023-11-15_09-47-49-+0000 UTC 0:00:00 - {"e":"aggTrade","E":1700041668572,"a":1916650646,"s":"BTCUSDT","p":"35841.90","q":"0.004","f":4291047412,"l":4291047413,"T":1700041668570,"m":true}
INFO - 289 - 2023-11-15_09-47-49-+0000 UTC 0:00:00 - {"e":"aggTrade","E":1700041668572,"a":1916650647,"s":"BTCUSDT","p":"35841.50","q":"0.184","f":4291047414,"l":4291047416,"T":1700041668570,"m":true}
INFO - 289 - 2023-11-15_09-47-49-+0000 UTC 0:00:00 - {"e":"aggTrade","E":1700041668572,"a":1916650648,"s":"BTCUSDT","p":"35841.20","q":"0.004","f":4291047417,"l":4291047417,"T":1700041668570,"m":true}
INFO - 289 - 2023-11-15_09-47-49-+0000 UTC 0:00:00 - {"e":"aggTrade","E":1700041668572,"a":1916650649,"s":"BTCUSDT","p":"35841.00","q":"0.010","f":4291047418,"l":4291047418,"T":1700041668570,"m":true}
INFO - 289 - 2023-11-15_09-47-49-+0000 UTC 0:00:00 - {"e":"aggTrade","E":1700041668572,"a":1916650650,"s":"BTCUSDT","p":"35840.90","q":"0.001","f":4291047419,"l":4291047419,"T":1700041668570,"m":true}
INFO - 301 - 2023-11-15_09-47-49-+0000 UTC 0:00:00 - {"e":"aggTrade","E":1700041668572,"a":1916650651,"s":"BTCUSDT","p":"35840.70","q":"0.001","f":4291047420,"l":4291047420,"T":1700041668570,"m":true}
INFO - 302 - 2023-11-15_09-47-49-+0000 UTC 0:00:00 - {"e":"aggTrade","E":1700041668572,"a":1916650652,"s":"BTCUSDT","p":"35840.50","q":"0.113","f":4291047421,"l":4291047422,"T":1700041668570,"m":true}
INFO - 302 - 2023-11-15_09-47-49-+0000 UTC 0:00:00 - {"e":"aggTrade","E":1700041668572,"a":1916650653,"s":"BTCUSDT","p":"35840.40","q":"0.005","f":4291047423,"l":4291047423,"T":1700041668570,"m":true}
INFO - 303 - 2023-11-15_09-47-49-+0000 UTC 0:00:00 - {"e":"aggTrade","E":1700041668572,"a":1916650654,"s":"BTCUSDT","p":"35840.10","q":"0.004","f":4291047424,"l":4291047424,"T":1700041668570,"m":true}
INFO - 304 - 2023-11-15_09-47-49-+0000 UTC 0:00:00 - {"e":"aggTrade","E":1700041668572,"a":1916650655,"s":"BTCUSDT","p":"35840.00","q":"0.169","f":4291047425,"l":4291047427,"T":1700041668570,"m":true}
INFO - 305 - 2023-11-15_09-47-49-+0000 UTC 0:00:00 - {"e":"aggTrade","E":1700041668572,"a":1916650656,"s":"BTCUSDT","p":"35839.90","q":"0.010","f":4291047428,"l":4291047428,"T":1700041668570,"m":true}
INFO - 306 - 2023-11-15_09-47-49-+0000 UTC 0:00:00 - {"e":"aggTrade","E":1700041668572,"a":1916650657,"s":"BTCUSDT","p":"35839.50","q":"0.014","f":4291047429,"l":4291047430,"T":1700041668570,"m":true}
INFO - 307 - 2023-11-15_09-47-49-+0000 UTC 0:00:00 - {"e":"aggTrade","E":1700041668572,"a":1916650658,"s":"BTCUSDT","p":"35839.10","q":"0.350","f":4291047431,"l":4291047431,"T":1700041668570,"m":true}
INFO - 308 - 2023-11-15_09-47-49-+0000 UTC 0:00:00 - {"e":"aggTrade","E":1700041668572,"a":1916650659,"s":"BTCUSDT","p":"35839.00","q":"0.510","f":4291047432,"l":4291047433,"T":1700041668570,"m":true}
INFO - 308 - 2023-11-15_09-47-49-+0000 UTC 0:00:00 - {"e":"aggTrade","E":1700041668572,"a":1916650660,"s":"BTCUSDT","p":"35838.70","q":"0.032","f":4291047434,"l":4291047434,"T":1700041668570,"m":true}
INFO - 308 - 2023-11-15_09-47-49-+0000 UTC 0:00:00 - {"e":"aggTrade","E":1700041668572,"a":1916650661,"s":"BTCUSDT","p":"35838.60","q":"0.008","f":4291047435,"l":4291047436,"T":1700041668570,"m":true}
INFO - 308 - 2023-11-15_09-47-49-+0000 UTC 0:00:00 - {"e":"aggTrade","E":1700041668580,"a":1421337191,"s":"ETHUSDT","p":"1990.80","q":"2.207","f":3361313244,"l":3361313252,"T":1700041668577,"m":true}
INFO - 479 - 2023-11-15_09-47-49-+0000 UTC 0:00:00 - {"e":"aggTrade","E":1700041668572,"a":1916650662,"s":"BTCUSDT","p":"35838.50","q":"0.014","f":4291047437,"l":4291047438,"T":1700041668570,"m":true}
INFO - 480 - 2023-11-15_09-47-49-+0000 UTC 0:00:00 - {"e":"aggTrade","E":1700041668572,"a":1916650663,"s":"BTCUSDT","p":"35838.40","q":"0.068","f":4291047439,"l":4291047439,"T":1700041668571,"m":true}
INFO - 481 - 2023-11-15_09-47-49-+0000 UTC 0:00:00 - {"e":"aggTrade","E":1700041668572,"a":1916650664,"s":"BTCUSDT","p":"35838.30","q":"0.058","f":4291047440,"l":4291047441,"T":1700041668571,"m":true}
INFO - 482 - 2023-11-15_09-47-49-+0000 UTC 0:00:00 - {"e":"aggTrade","E":1700041668573,"a":1916650665,"s":"BTCUSDT","p":"35838.20","q":"0.211","f":4291047442,"l":4291047443,"T":1700041668571,"m":true}
INFO - 483 - 2023-11-15_09-47-49-+0000 UTC 0:00:00 - {"e":"aggTrade","E":1700041668573,"a":1916650666,"s":"BTCUSDT","p":"35838.10","q":"0.006","f":4291047444,"l":4291047445,"T":1700041668571,"m":true}
INFO - 485 - 2023-11-15_09-47-49-+0000 UTC 0:00:00 - {"e":"aggTrade","E":1700041668573,"a":1916650667,"s":"BTCUSDT","p":"35838.00","q":"0.155","f":4291047446,"l":4291047450,"T":1700041668571,"m":true}
INFO - 486 - 2023-11-15_09-47-49-+0000 UTC 0:00:00 - {"e":"aggTrade","E":1700041668573,"a":1916650668,"s":"BTCUSDT","p":"35837.90","q":"0.014","f":4291047451,"l":4291047451,"T":1700041668571,"m":true}
INFO - 486 - 2023-11-15_09-47-49-+0000 UTC 0:00:00 - {"e":"aggTrade","E":1700041668573,"a":1916650669,"s":"BTCUSDT","p":"35837.80","q":"0.201","f":4291047452,"l":4291047452,"T":1700041668571,"m":true}
INFO - 488 - 2023-11-15_09-47-49-+0000 UTC 0:00:00 - {"e":"aggTrade","E":1700041668573,"a":1916650670,"s":"BTCUSDT","p":"35837.70","q":"0.003","f":4291047453,"l":4291047453,"T":1700041668571,"m":true}
INFO - 489 - 2023-11-15_09-47-49-+0000 UTC 0:00:00 - {"e":"aggTrade","E":1700041668573,"a":1916650671,"s":"BTCUSDT","p":"35837.60","q":"0.599","f":4291047454,"l":4291047456,"T":1700041668571,"m":true}
INFO - 489 - 2023-11-15_09-47-49-+0000 UTC 0:00:00 - {"e":"aggTrade","E":1700041668573,"a":1916650672,"s":"BTCUSDT","p":"35837.50","q":"0.026","f":4291047457,"l":4291047459,"T":1700041668571,"m":true}
INFO - 491 - 2023-11-15_09-47-49-+0000 UTC 0:00:00 - {"e":"aggTrade","E":1700041668573,"a":1916650673,"s":"BTCUSDT","p":"35837.20","q":"0.039","f":4291047460,"l":4291047461,"T":1700041668571,"m":true}
INFO - 492 - 2023-11-15_09-47-49-+0000 UTC 0:00:00 - {"e":"aggTrade","E":1700041668573,"a":1916650674,"s":"BTCUSDT","p":"35837.10","q":"0.003","f":4291047462,"l":4291047462,"T":1700041668571,"m":true}
INFO - 493 - 2023-11-15_09-47-49-+0000 UTC 0:00:00 - {"e":"aggTrade","E":1700041668573,"a":1916650675,"s":"BTCUSDT","p":"35837.00","q":"0.121","f":4291047463,"l":4291047466,"T":1700041668571,"m":true}
INFO - 493 - 2023-11-15_09-47-49-+0000 UTC 0:00:00 - {"e":"aggTrade","E":1700041668573,"a":1916650676,"s":"BTCUSDT","p":"35836.90","q":"0.528","f":4291047467,"l":4291047469,"T":1700041668571,"m":true}
INFO - 494 - 2023-11-15_09-47-49-+0000 UTC 0:00:00 - {"e":"aggTrade","E":1700041668573,"a":1916650677,"s":"BTCUSDT","p":"35836.80","q":"0.005","f":4291047470,"l":4291047470,"T":1700041668571,"m":true}
INFO - 495 - 2023-11-15_09-47-49-+0000 UTC 0:00:00 - {"e":"aggTrade","E":1700041668573,"a":1916650678,"s":"BTCUSDT","p":"35836.70","q":"0.004","f":4291047471,"l":4291047471,"T":1700041668571,"m":true}
INFO - 496 - 2023-11-15_09-47-49-+0000 UTC 0:00:00 - {"e":"aggTrade","E":1700041668573,"a":1916650679,"s":"BTCUSDT","p":"35836.60","q":"0.061","f":4291047472,"l":4291047474,"T":1700041668571,"m":true}
INFO - 497 - 2023-11-15_09-47-49-+0000 UTC 0:00:00 - {"e":"aggTrade","E":1700041668573,"a":1916650680,"s":"BTCUSDT","p":"35836.50","q":"0.012","f":4291047475,"l":4291047477,"T":1700041668571,"m":true}
INFO - 497 - 2023-11-15_09-47-49-+0000 UTC 0:00:00 - {"e":"aggTrade","E":1700041668573,"a":1916650681,"s":"BTCUSDT","p":"35836.30","q":"0.006","f":4291047478,"l":4291047479,"T":1700041668571,"m":true}
INFO - 498 - 2023-11-15_09-47-49-+0000 UTC 0:00:00 - {"e":"aggTrade","E":1700041668573,"a":1916650682,"s":"BTCUSDT","p":"35836.20","q":"0.350","f":4291047480,"l":4291047480,"T":1700041668571,"m":true}
INFO - 499 - 2023-11-15_09-47-49-+0000 UTC 0:00:00 - {"e":"aggTrade","E":1700041668573,"a":1916650683,"s":"BTCUSDT","p":"35836.10","q":"1.509","f":4291047481,"l":4291047484,"T":1700041668571,"m":true}
INFO - 500 - 2023-11-15_09-47-49-+0000 UTC 0:00:00 - {"e":"aggTrade","E":1700041668573,"a":1916650684,"s":"BTCUSDT","p":"35836.00","q":"0.978","f":4291047485,"l":4291047488,"T":1700041668571,"m":true}
INFO - 500 - 2023-11-15_09-47-49-+0000 UTC 0:00:00 - {"e":"aggTrade","E":1700041668573,"a":1916650685,"s":"BTCUSDT","p":"35835.80","q":"0.040","f":4291047489,"l":4291047489,"T":1700041668571,"m":true}
INFO - 500 - 2023-11-15_09-47-49-+0000 UTC 0:00:00 - {"e":"aggTrade","E":1700041668573,"a":1916650686,"s":"BTCUSDT","p":"35835.70","q":"0.013","f":4291047490,"l":4291047490,"T":1700041668571,"m":true}
INFO - 500 - 2023-11-15_09-47-49-+0000 UTC 0:00:00 - {"e":"aggTrade","E":1700041668573,"a":1916650687,"s":"BTCUSDT","p":"35835.60","q":"0.003","f":4291047491,"l":4291047491,"T":1700041668571,"m":true}
INFO - 500 - 2023-11-15_09-47-49-+0000 UTC 0:00:00 - {"e":"aggTrade","E":1700041668574,"a":1916650688,"s":"BTCUSDT","p":"35835.50","q":"0.007","f":4291047492,"l":4291047493,"T":1700041668571,"m":true}
INFO - 500 - 2023-11-15_09-47-49-+0000 UTC 0:00:00 - {"e":"aggTrade","E":1700041668574,"a":1916650689,"s":"BTCUSDT","p":"35835.40","q":"0.083","f":4291047494,"l":4291047495,"T":1700041668571,"m":true}
INFO - 507 - 2023-11-15_09-47-49-+0000 UTC 0:00:00 - {"e":"aggTrade","E":1700041668574,"a":1916650690,"s":"BTCUSDT","p":"35835.30","q":"0.020","f":4291047496,"l":4291047497,"T":1700041668571,"m":true}
INFO - 508 - 2023-11-15_09-47-49-+0000 UTC 0:00:00 - {"e":"aggTrade","E":1700041668574,"a":1916650691,"s":"BTCUSDT","p":"35835.20","q":"0.366","f":4291047498,"l":4291047498,"T":1700041668571,"m":true}
INFO - 509 - 2023-11-15_09-47-49-+0000 UTC 0:00:00 - {"e":"aggTrade","E":1700041668574,"a":1916650692,"s":"BTCUSDT","p":"35835.10","q":"0.110","f":4291047499,"l":4291047501,"T":1700041668571,"m":true}
INFO - 510 - 2023-11-15_09-47-49-+0000 UTC 0:00:00 - {"e":"aggTrade","E":1700041668574,"a":1916650693,"s":"BTCUSDT","p":"35835.00","q":"0.737","f":4291047502,"l":4291047509,"T":1700041668571,"m":true}
INFO - 511 - 2023-11-15_09-47-49-+0000 UTC 0:00:00 - {"e":"aggTrade","E":1700041668574,"a":1916650694,"s":"BTCUSDT","p":"35834.90","q":"1.291","f":4291047510,"l":4291047514,"T":1700041668571,"m":true}
INFO - 512 - 2023-11-15_09-47-49-+0000 UTC 0:00:00 - {"e":"aggTrade","E":1700041668574,"a":1916650695,"s":"BTCUSDT","p":"35834.80","q":"0.352","f":4291047515,"l":4291047516,"T":1700041668571,"m":true}
INFO - 512 - 2023-11-15_09-47-49-+0000 UTC 0:00:00 - {"e":"aggTrade","E":1700041668574,"a":1916650696,"s":"BTCUSDT","p":"35834.70","q":"0.005","f":4291047517,"l":4291047517,"T":1700041668571,"m":true}
INFO - 513 - 2023-11-15_09-47-49-+0000 UTC 0:00:00 - {"e":"aggTrade","E":1700041668574,"a":1916650697,"s":"BTCUSDT","p":"35834.50","q":"0.671","f":4291047518,"l":4291047522,"T":1700041668571,"m":true}
INFO - 515 - 2023-11-15_09-47-49-+0000 UTC 0:00:00 - {"e":"aggTrade","E":1700041668574,"a":1916650698,"s":"BTCUSDT","p":"35834.40","q":"2.357","f":4291047523,"l":4291047526,"T":1700041668571,"m":true}
INFO - 515 - 2023-11-15_09-47-49-+0000 UTC 0:00:00 - {"e":"aggTrade","E":1700041668574,"a":1916650699,"s":"BTCUSDT","p":"35834.30","q":"0.003","f":4291047527,"l":4291047527,"T":1700041668571,"m":true}
INFO - 515 - 2023-11-15_09-47-49-+0000 UTC 0:00:00 - {"e":"aggTrade","E":1700041668582,"a":1916650700,"s":"BTCUSDT","p":"35834.20","q":"0.773","f":4291047528,"l":4291047530,"T":1700041668571,"m":true}
INFO - 515 - 2023-11-15_09-47-49-+0000 UTC 0:00:00 - {"e":"aggTrade","E":1700041668733,"a":1916650701,"s":"BTCUSDT","p":"35834.10","q":"0.092","f":4291047531,"l":4291047535,"T":1700041668579,"m":true}
INFO - 702 - 2023-11-15_09-47-49-+0000 UTC 0:00:00 - {"e":"aggTrade","E":1700041668580,"a":1421337192,"s":"ETHUSDT","p":"1990.79","q":"0.011","f":3361313253,"l":3361313253,"T":1700041668577,"m":true}
INFO - 703 - 2023-11-15_09-47-49-+0000 UTC 0:00:00 - {"e":"aggTrade","E":1700041668580,"a":1421337193,"s":"ETHUSDT","p":"1990.77","q":"0.015","f":3361313254,"l":3361313254,"T":1700041668578,"m":true}
INFO - 705 - 2023-11-15_09-47-49-+0000 UTC 0:00:00 - {"e":"aggTrade","E":1700041668580,"a":1421337194,"s":"ETHUSDT","p":"1990.76","q":"0.171","f":3361313255,"l":3361313257,"T":1700041668578,"m":true}
INFO - 706 - 2023-11-15_09-47-49-+0000 UTC 0:00:00 - {"e":"aggTrade","E":1700041668580,"a":1421337195,"s":"ETHUSDT","p":"1990.74","q":"0.015","f":3361313258,"l":3361313258,"T":1700041668578,"m":true}
INFO - 708 - 2023-11-15_09-47-49-+0000 UTC 0:00:00 - {"e":"aggTrade","E":1700041668580,"a":1421337196,"s":"ETHUSDT","p":"1990.72","q":"0.076","f":3361313259,"l":3361313260,"T":1700041668578,"m":true}
INFO - 709 - 2023-11-15_09-47-49-+0000 UTC 0:00:00 - {"e":"aggTrade","E":1700041668592,"a":1421337197,"s":"ETHUSDT","p":"1990.70","q":"3.329","f":3361313261,"l":3361313263,"T":1700041668578,"m":true}
INFO - 710 - 2023-11-15_09-47-49-+0000 UTC 0:00:00 - {"e":"aggTrade","E":1700041668743,"a":1421337198,"s":"ETHUSDT","p":"1990.68","q":"0.892","f":3361313264,"l":3361313276,"T":1700041668586,"m":true}
INFO - 711 - 2023-11-15_09-47-49-+0000 UTC 0:00:00 - {"e":"aggTrade","E":1700041668858,"a":1421337199,"s":"ETHUSDT","p":"1990.68","q":"0.155","f":3361313277,"l":3361313278,"T":1700041668777,"m":false}
INFO - 750 - 2023-11-15_09-47-49-+0000 UTC 0:00:00 - {"e":"aggTrade","E":1700041669024,"a":1916650702,"s":"BTCUSDT","p":"35834.20","q":"0.177","f":4291047536,"l":4291047537,"T":1700041668902,"m":false}
INFO - 892 - 2023-11-15_09-47-49-+0000 UTC 0:00:00 - {"e":"aggTrade","E":1700041668922,"a":1421337200,"s":"ETHUSDT","p":"1990.67","q":"0.272","f":3361313279,"l":3361313279,"T":1700041668856,"m":true}
INFO - 893 - 2023-11-15_09-47-49-+0000 UTC 0:00:00 - {"e":"aggTrade","E":1700041669073,"a":1421337201,"s":"ETHUSDT","p":"1990.68","q":"0.082","f":3361313280,"l":3361313280,"T":1700041668921,"m":false}
INFO - 897 - 2023-11-15_09-47-49-+0000 UTC 0:00:00 - {"e":"aggTrade","E":1700041669175,"a":1916650703,"s":"BTCUSDT","p":"35834.10","q":"0.143","f":4291047538,"l":4291047540,"T":1700041669023,"m":true}
INFO - 138 - 2023-11-15_09-47-50-+0000 UTC 0:00:00 - {"e":"aggTrade","E":1700041669416,"a":1916650704,"s":"BTCUSDT","p":"35834.10","q":"0.004","f":4291047541,"l":4291047541,"T":1700041669303,"m":true}
INFO - 161 - 2023-11-15_09-47-50-+0000 UTC 0:00:00 - {"e":"aggTrade","E":1700041669432,"a":1421337202,"s":"ETHUSDT","p":"1990.68","q":"0.033","f":3361313281,"l":3361313281,"T":1700041669276,"m":false}
INFO - 651 - 2023-11-15_09-47-50-+0000 UTC 0:00:00 - {"e":"aggTrade","E":1700041669924,"a":1421337203,"s":"ETHUSDT","p":"1990.67","q":"0.203","f":3361313282,"l":3361313282,"T":1700041669772,"m":true}
INFO - 969 - 2023-11-15_09-47-50-+0000 UTC 0:00:00 - {"e":"aggTrade","E":1700041670219,"a":1421337204,"s":"ETHUSDT","p":"1990.67","q":"1.394","f":3361313283,"l":3361313291,"T":1700041670067,"m":true}
INFO - 984 - 2023-11-15_09-47-50-+0000 UTC 0:00:00 - {"e":"aggTrade","E":1700041669567,"a":1916650705,"s":"BTCUSDT","p":"35834.20","q":"0.160","f":4291047542,"l":4291047543,"T":1700041669414,"m":false}
INFO - 986 - 2023-11-15_09-47-50-+0000 UTC 0:00:00 - {"e":"aggTrade","E":1700041669869,"a":1916650706,"s":"BTCUSDT","p":"35834.20","q":"0.010","f":4291047544,"l":4291047544,"T":1700041669716,"m":false}
INFO - 986 - 2023-11-15_09-47-50-+0000 UTC 0:00:00 - {"e":"aggTrade","E":1700041670080,"a":1916650707,"s":"BTCUSDT","p":"35834.10","q":"6.000","f":4291047545,"l":4291047575,"T":1700041669970,"m":true}
INFO - 989 - 2023-11-15_09-47-50-+0000 UTC 0:00:00 - {"e":"aggTrade","E":1700041670094,"a":1916650708,"s":"BTCUSDT","p":"35834.20","q":"0.010","f":4291047576,"l":4291047576,"T":1700041670079,"m":false}
INFO - 993 - 2023-11-15_09-47-50-+0000 UTC 0:00:00 - {"e":"aggTrade","E":1700041670245,"a":1916650709,"s":"BTCUSDT","p":"35834.10","q":"0.191","f":4291047577,"l":4291047577,"T":1700041670093,"m":true}
INFO - 140 - 2023-11-15_09-47-51-+0000 UTC 0:00:00 - {"e":"aggTrade","E":1700041670412,"a":1421337205,"s":"ETHUSDT","p":"1990.67","q":"3.538","f":3361313292,"l":3361313299,"T":1700041670260,"m":true}
INFO - 192 - 2023-11-15_09-47-51-+0000 UTC 0:00:00 - {"e":"aggTrade","E":1700041670467,"a":1421337206,"s":"ETHUSDT","p":"1990.67","q":"0.111","f":3361313300,"l":3361313301,"T":1700041670466,"m":true}
INFO - 565 - 2023-11-15_09-47-51-+0000 UTC 0:00:00 - {"e":"aggTrade","E":1700041670467,"a":1421337207,"s":"ETHUSDT","p":"1990.66","q":"0.011","f":3361313302,"l":3361313302,"T":1700041670466,"m":true}
INFO - 565 - 2023-11-15_09-47-51-+0000 UTC 0:00:00 - {"e":"aggTrade","E":1700041670467,"a":1421337208,"s":"ETHUSDT","p":"1990.64","q":"0.030","f":3361313303,"l":3361313304,"T":1700041670466,"m":true}
INFO - 565 - 2023-11-15_09-47-51-+0000 UTC 0:00:00 - {"e":"aggTrade","E":1700041670468,"a":1421337209,"s":"ETHUSDT","p":"1990.60","q":"0.638","f":3361313305,"l":3361313306,"T":1700041670466,"m":true}
INFO - 565 - 2023-11-15_09-47-51-+0000 UTC 0:00:00 - {"e":"aggTrade","E":1700041670468,"a":1421337210,"s":"ETHUSDT","p":"1990.59","q":"1.004","f":3361313307,"l":3361313308,"T":1700041670466,"m":true}
INFO - 581 - 2023-11-15_09-47-51-+0000 UTC 0:00:00 - {"e":"aggTrade","E":1700041670468,"a":1421337211,"s":"ETHUSDT","p":"1990.57","q":"0.111","f":3361313309,"l":3361313309,"T":1700041670466,"m":true}
INFO - 584 - 2023-11-15_09-47-51-+0000 UTC 0:00:00 - {"e":"aggTrade","E":1700041670468,"a":1421337212,"s":"ETHUSDT","p":"1990.56","q":"0.300","f":3361313310,"l":3361313311,"T":1700041670466,"m":true}
INFO - 585 - 2023-11-15_09-47-51-+0000 UTC 0:00:00 - {"e":"aggTrade","E":1700041670468,"a":1421337213,"s":"ETHUSDT","p":"1990.54","q":"0.153","f":3361313312,"l":3361313313,"T":1700041670466,"m":true}
INFO - 586 - 2023-11-15_09-47-51-+0000 UTC 0:00:00 - {"e":"aggTrade","E":1700041670468,"a":1421337214,"s":"ETHUSDT","p":"1990.52","q":"0.754","f":3361313314,"l":3361313315,"T":1700041670466,"m":true}
INFO - 591 - 2023-11-15_09-47-51-+0000 UTC 0:00:00 - {"e":"aggTrade","E":1700041670606,"a":1421337215,"s":"ETHUSDT","p":"1990.50","q":"4.216","f":3361313316,"l":3361313328,"T":1700041670466,"m":true}
INFO - 594 - 2023-11-15_09-47-51-+0000 UTC 0:00:00 - {"e":"aggTrade","E":1700041670606,"a":1421337216,"s":"ETHUSDT","p":"1990.50","q":"0.441","f":3361313329,"l":3361313334,"T":1700041670604,"m":true}
INFO - 596 - 2023-11-15_09-47-51-+0000 UTC 0:00:00 - {"e":"aggTrade","E":1700041670606,"a":1421337217,"s":"ETHUSDT","p":"1990.49","q":"0.327","f":3361313335,"l":3361313337,"T":1700041670604,"m":true}
INFO - 596 - 2023-11-15_09-47-51-+0000 UTC 0:00:00 - {"e":"aggTrade","E":1700041670619,"a":1421337218,"s":"ETHUSDT","p":"1990.48","q":"0.728","f":3361313338,"l":3361313339,"T":1700041670604,"m":true}
INFO - 596 - 2023-11-15_09-47-51-+0000 UTC 0:00:00 - {"e":"aggTrade","E":1700041670770,"a":1421337219,"s":"ETHUSDT","p":"1990.47","q":"0.138","f":3361313340,"l":3361313346,"T":1700041670618,"m":true}
INFO - 700 - 2023-11-15_09-47-51-+0000 UTC 0:00:00 - {"e":"aggTrade","E":1700041670973,"a":1421337220,"s":"ETHUSDT","p":"1990.47","q":"0.512","f":3361313347,"l":3361313348,"T":1700041670821,"m":false}
INFO - 28 - 2023-11-15_09-47-52-+0000 UTC 0:00:00 - {"e":"aggTrade","E":1700041671041,"a":1916650710,"s":"BTCUSDT","p":"35834.10","q":"0.014","f":4291047578,"l":4291047579,"T":1700041671006,"m":true}
INFO - 28 - 2023-11-15_09-47-52-+0000 UTC 0:00:00 - {"e":"aggTrade","E":1700041671123,"a":1916650711,"s":"BTCUSDT","p":"35834.20","q":"0.003","f":4291047580,"l":4291047580,"T":1700041671040,"m":false}
INFO - 28 - 2023-11-15_09-47-52-+0000 UTC 0:00:00 - {"e":"aggTrade","E":1700041671274,"a":1916650712,"s":"BTCUSDT","p":"35834.10","q":"0.004","f":4291047581,"l":4291047581,"T":1700041671121,"m":true}
INFO - 399 - 2023-11-15_09-47-52-+0000 UTC 0:00:00 - {"e":"aggTrade","E":1700041671674,"a":1916650713,"s":"BTCUSDT","p":"35834.20","q":"0.807","f":4291047582,"l":4291047598,"T":1700041671644,"m":false}
INFO - 400 - 2023-11-15_09-47-52-+0000 UTC 0:00:00 - {"e":"aggTrade","E":1700041671675,"a":1916650714,"s":"BTCUSDT","p":"35834.30","q":"0.022","f":4291047599,"l":4291047604,"T":1700041671672,"m":false}
INFO - 574 - 2023-11-15_09-47-52-+0000 UTC 0:00:00 - {"e":"aggTrade","E":1700041671675,"a":1916650715,"s":"BTCUSDT","p":"35834.40","q":"0.003","f":4291047605,"l":4291047605,"T":1700041671673,"m":false}
INFO - 574 - 2023-11-15_09-47-52-+0000 UTC 0:00:00 - {"e":"aggTrade","E":1700041671721,"a":1916650716,"s":"BTCUSDT","p":"35834.90","q":"0.005","f":4291047606,"l":4291047606,"T":1700041671673,"m":false}
INFO - 595 - 2023-11-15_09-47-52-+0000 UTC 0:00:00 - {"e":"aggTrade","E":1700041671872,"a":1916650717,"s":"BTCUSDT","p":"35834.90","q":"0.027","f":4291047607,"l":4291047607,"T":1700041671719,"m":true}
INFO - 642 - 2023-11-15_09-47-52-+0000 UTC 0:00:00 - {"e":"aggTrade","E":1700041671931,"a":1916650718,"s":"BTCUSDT","p":"35835.00","q":"0.598","f":4291047608,"l":4291047610,"T":1700041671929,"m":false}
INFO - 657 - 2023-11-15_09-47-52-+0000 UTC 0:00:00 - {"e":"aggTrade","E":1700041671929,"a":1421337221,"s":"ETHUSDT","p":"1990.47","q":"15.987","f":3361313349,"l":3361313362,"T":1700041671927,"m":false}
INFO - 659 - 2023-11-15_09-47-52-+0000 UTC 0:00:00 - {"e":"aggTrade","E":1700041671932,"a":1421337222,"s":"ETHUSDT","p":"1990.48","q":"0.011","f":3361313363,"l":3361313363,"T":1700041671927,"m":false}
INFO - 662 - 2023-11-15_09-47-52-+0000 UTC 0:00:00 - {"e":"aggTrade","E":1700041671935,"a":1421337223,"s":"ETHUSDT","p":"1990.49","q":"5.511","f":3361313364,"l":3361313366,"T":1700041671930,"m":false}
INFO - 782 - 2023-11-15_09-47-52-+0000 UTC 0:00:00 - {"e":"aggTrade","E":1700041671931,"a":1916650719,"s":"BTCUSDT","p":"35835.10","q":"0.003","f":4291047611,"l":4291047611,"T":1700041671929,"m":false}
INFO - 785 - 2023-11-15_09-47-52-+0000 UTC 0:00:00 - {"e":"aggTrade","E":1700041671951,"a":1916650720,"s":"BTCUSDT","p":"35835.20","q":"0.003","f":4291047612,"l":4291047612,"T":1700041671929,"m":false}
INFO - 822 - 2023-11-15_09-47-52-+0000 UTC 0:00:00 - {"e":"aggTrade","E":1700041672102,"a":1916650721,"s":"BTCUSDT","p":"35835.90","q":"0.500","f":4291047613,"l":4291047614,"T":1700041671948,"m":true}
INFO - 844 - 2023-11-15_09-47-52-+0000 UTC 0:00:00 - {"e":"aggTrade","E":1700041671935,"a":1421337224,"s":"ETHUSDT","p":"1990.50","q":"0.013","f":3361313367,"l":3361313367,"T":1700041671932,"m":false}
INFO - 844 - 2023-11-15_09-47-52-+0000 UTC 0:00:00 - {"e":"aggTrade","E":1700041671935,"a":1421337225,"s":"ETHUSDT","p":"1990.51","q":"0.968","f":3361313368,"l":3361313371,"T":1700041671932,"m":false}
INFO - 844 - 2023-11-15_09-47-52-+0000 UTC 0:00:00 - {"e":"aggTrade","E":1700041671949,"a":1421337226,"s":"ETHUSDT","p":"1990.53","q":"0.015","f":3361313372,"l":3361313372,"T":1700041671932,"m":false}
INFO - 857 - 2023-11-15_09-47-52-+0000 UTC 0:00:00 - {"e":"aggTrade","E":1700041671973,"a":1421337227,"s":"ETHUSDT","p":"1990.54","q":"0.539","f":3361313373,"l":3361313378,"T":1700041671947,"m":false}
INFO - 858 - 2023-11-15_09-47-52-+0000 UTC 0:00:00 - {"e":"aggTrade","E":1700041671973,"a":1421337228,"s":"ETHUSDT","p":"1990.55","q":"0.011","f":3361313379,"l":3361313379,"T":1700041671971,"m":false}
INFO - 860 - 2023-11-15_09-47-52-+0000 UTC 0:00:00 - {"e":"aggTrade","E":1700041671992,"a":1421337229,"s":"ETHUSDT","p":"1990.60","q":"0.077","f":3361313380,"l":3361313383,"T":1700041671971,"m":false}
INFO - 868 - 2023-11-15_09-47-52-+0000 UTC 0:00:00 - {"e":"aggTrade","E":1700041672143,"a":1421337230,"s":"ETHUSDT","p":"1990.61","q":"0.803","f":3361313384,"l":3361313388,"T":1700041671991,"m":false}
INFO - 10 - 2023-11-15_09-47-53-+0000 UTC 0:00:00 - {"e":"aggTrade","E":1700041672302,"a":1916650722,"s":"BTCUSDT","p":"35835.90","q":"0.296","f":4291047615,"l":4291047617,"T":1700041672150,"m":true}
INFO - 192 - 2023-11-15_09-47-53-+0000 UTC 0:00:00 - {"e":"aggTrade","E":1700041672476,"a":1916650723,"s":"BTCUSDT","p":"35836.00","q":"0.043","f":4291047618,"l":4291047620,"T":1700041672475,"m":false}
INFO - 192 - 2023-11-15_09-47-53-+0000 UTC 0:00:00 - {"e":"aggTrade","E":1700041672476,"a":1916650724,"s":"BTCUSDT","p":"35836.10","q":"0.006","f":4291047621,"l":4291047622,"T":1700041672475,"m":false}
INFO - 192 - 2023-11-15_09-47-53-+0000 UTC 0:00:00 - {"e":"aggTrade","E":1700041672476,"a":1916650725,"s":"BTCUSDT","p":"35836.40","q":"0.003","f":4291047623,"l":4291047623,"T":1700041672475,"m":false}
INFO - 192 - 2023-11-15_09-47-53-+0000 UTC 0:00:00 - {"e":"aggTrade","E":1700041672476,"a":1916650726,"s":"BTCUSDT","p":"35836.50","q":"0.004","f":4291047624,"l":4291047624,"T":1700041672475,"m":false}
INFO - 192 - 2023-11-15_09-47-53-+0000 UTC 0:00:00 - {"e":"aggTrade","E":1700041672476,"a":1916650727,"s":"BTCUSDT","p":"35836.60","q":"0.003","f":4291047625,"l":4291047625,"T":1700041672475,"m":false}
INFO - 192 - 2023-11-15_09-47-53-+0000 UTC 0:00:00 - {"e":"aggTrade","E":1700041672476,"a":1916650728,"s":"BTCUSDT","p":"35836.70","q":"0.008","f":4291047626,"l":4291047627,"T":1700041672475,"m":false}
INFO - 192 - 2023-11-15_09-47-53-+0000 UTC 0:00:00 - {"e":"aggTrade","E":1700041672476,"a":1916650729,"s":"BTCUSDT","p":"35837.60","q":"0.003","f":4291047628,"l":4291047628,"T":1700041672475,"m":false}
INFO - 192 - 2023-11-15_09-47-53-+0000 UTC 0:00:00 - {"e":"aggTrade","E":1700041672477,"a":1916650730,"s":"BTCUSDT","p":"35837.80","q":"0.049","f":4291047629,"l":4291047629,"T":1700041672475,"m":false}
INFO - 264 - 2023-11-15_09-47-53-+0000 UTC 0:00:00 - {"e":"aggTrade","E":1700041672477,"a":1916650731,"s":"BTCUSDT","p":"35837.90","q":"0.003","f":4291047630,"l":4291047630,"T":1700041672475,"m":false}
INFO - 267 - 2023-11-15_09-47-53-+0000 UTC 0:00:00 - {"e":"aggTrade","E":1700041672478,"a":1916650732,"s":"BTCUSDT","p":"35838.00","q":"0.019","f":4291047631,"l":4291047633,"T":1700041672475,"m":false}
INFO - 268 - 2023-11-15_09-47-53-+0000 UTC 0:00:00 - {"e":"aggTrade","E":1700041672478,"a":1916650733,"s":"BTCUSDT","p":"35838.10","q":"0.003","f":4291047634,"l":4291047634,"T":1700041672475,"m":false}
INFO - 268 - 2023-11-15_09-47-53-+0000 UTC 0:00:00 - {"e":"aggTrade","E":1700041672478,"a":1916650734,"s":"BTCUSDT","p":"35838.30","q":"0.006","f":4291047635,"l":4291047636,"T":1700041672475,"m":false}
INFO - 268 - 2023-11-15_09-47-53-+0000 UTC 0:00:00 - {"e":"aggTrade","E":1700041672478,"a":1916650735,"s":"BTCUSDT","p":"35838.50","q":"0.008","f":4291047637,"l":4291047638,"T":1700041672475,"m":false}
INFO - 268 - 2023-11-15_09-47-53-+0000 UTC 0:00:00 - {"e":"aggTrade","E":1700041672478,"a":1916650736,"s":"BTCUSDT","p":"35838.70","q":"0.003","f":4291047639,"l":4291047639,"T":1700041672475,"m":false}
INFO - 273 - 2023-11-15_09-47-53-+0000 UTC 0:00:00 - {"e":"aggTrade","E":1700041672483,"a":1916650737,"s":"BTCUSDT","p":"35838.80","q":"0.079","f":4291047640,"l":4291047642,"T":1700041672475,"m":false}
INFO - 381 - 2023-11-15_09-47-53-+0000 UTC 0:00:00 - {"e":"aggTrade","E":1700041672634,"a":1916650738,"s":"BTCUSDT","p":"35838.90","q":"0.003","f":4291047643,"l":4291047643,"T":1700041672481,"m":false}
INFO - 462 - 2023-11-15_09-47-53-+0000 UTC 0:00:00 - {"e":"aggTrade","E":1700041672750,"a":1916650739,"s":"BTCUSDT","p":"35838.90","q":"0.249","f":4291047644,"l":4291047645,"T":1700041672634,"m":true}
INFO - 559 - 2023-11-15_09-47-53-+0000 UTC 0:00:00 - {"e":"aggTrade","E":1700041672840,"a":1916650740,"s":"BTCUSDT","p":"35838.90","q":"0.150","f":4291047646,"l":4291047646,"T":1700041672749,"m":true}
INFO - 707 - 2023-11-15_09-47-53-+0000 UTC 0:00:00 - {"e":"aggTrade","E":1700041672991,"a":1916650741,"s":"BTCUSDT","p":"35839.00","q":"0.027","f":4291047647,"l":4291047648,"T":1700041672838,"m":false}
INFO - 722 - 2023-11-15_09-47-53-+0000 UTC 0:00:00 - {"e":"aggTrade","E":1700041672659,"a":1421337231,"s":"ETHUSDT","p":"1990.62","q":"1.656","f":3361313389,"l":3361313391,"T":1700041672506,"m":true}
INFO - 725 - 2023-11-15_09-47-53-+0000 UTC 0:00:00 - {"e":"aggTrade","E":1700041672799,"a":1421337232,"s":"ETHUSDT","p":"1990.62","q":"0.118","f":3361313392,"l":3361313393,"T":1700041672742,"m":true}
INFO - 725 - 2023-11-15_09-47-53-+0000 UTC 0:00:00 - {"e":"aggTrade","E":1700041672860,"a":1421337233,"s":"ETHUSDT","p":"1990.63","q":"0.181","f":3361313394,"l":3361313403,"T":1700041672797,"m":false}
INFO - 774 - 2023-11-15_09-47-53-+0000 UTC 0:00:00 - {"e":"aggTrade","E":1700041672861,"a":1421337234,"s":"ETHUSDT","p":"1990.68","q":"0.166","f":3361313404,"l":3361313417,"T":1700041672858,"m":false}
INFO - 790 - 2023-11-15_09-47-53-+0000 UTC 0:00:00 - {"e":"aggTrade","E":1700041672994,"a":1421337235,"s":"ETHUSDT","p":"1990.70","q":"0.013","f":3361313418,"l":3361313419,"T":1700041672859,"m":false}
INFO - 791 - 2023-11-15_09-47-53-+0000 UTC 0:00:00 - {"e":"aggTrade","E":1700041673014,"a":1421337236,"s":"ETHUSDT","p":"1990.71","q":"1.507","f":3361313420,"l":3361313422,"T":1700041672992,"m":false}
INFO - 916 - 2023-11-15_09-47-53-+0000 UTC 0:00:00 - {"e":"aggTrade","E":1700041673165,"a":1421337237,"s":"ETHUSDT","p":"1990.70","q":"0.017","f":3361313423,"l":3361313424,"T":1700041673013,"m":true}
INFO - 40 - 2023-11-15_09-47-54-+0000 UTC 0:00:00 - {"e":"aggTrade","E":1700041673077,"a":1916650742,"s":"BTCUSDT","p":"35838.90","q":"0.296","f":4291047649,"l":4291047650,"T":1700041673021,"m":true}
INFO - 41 - 2023-11-15_09-47-54-+0000 UTC 0:00:00 - {"e":"aggTrade","E":1700041673122,"a":1916650743,"s":"BTCUSDT","p":"35839.00","q":"0.500","f":4291047651,"l":4291047656,"T":1700041673076,"m":false}
INFO - 43 - 2023-11-15_09-47-54-+0000 UTC 0:00:00 - {"e":"aggTrade","E":1700041673273,"a":1916650744,"s":"BTCUSDT","p":"35838.90","q":"0.003","f":4291047657,"l":4291047657,"T":1700041673121,"m":true}
INFO - 199 - 2023-11-15_09-47-54-+0000 UTC 0:00:00 - {"e":"aggTrade","E":1700041673478,"a":1916650745,"s":"BTCUSDT","p":"35838.90","q":"0.003","f":4291047658,"l":4291047658,"T":1700041673339,"m":true}
INFO - 313 - 2023-11-15_09-47-54-+0000 UTC 0:00:00 - {"e":"aggTrade","E":1700041673593,"a":1421337238,"s":"ETHUSDT","p":"1990.70","q":"3.000","f":3361313425,"l":3361313425,"T":1700041673441,"m":true}
INFO - 348 - 2023-11-15_09-47-54-+0000 UTC 0:00:00 - {"e":"aggTrade","E":1700041673629,"a":1916650746,"s":"BTCUSDT","p":"35839.00","q":"0.006","f":4291047659,"l":4291047660,"T":1700041673477,"m":false}
INFO - 524 - 2023-11-15_09-47-54-+0000 UTC 0:00:00 - {"e":"aggTrade","E":1700041673803,"a":1916650747,"s":"BTCUSDT","p":"35838.90","q":"0.200","f":4291047661,"l":4291047661,"T":1700041673712,"m":true}
INFO - 547 - 2023-11-15_09-47-54-+0000 UTC 0:00:00 - {"e":"aggTrade","E":1700041673825,"a":1421337239,"s":"ETHUSDT","p":"1990.70","q":"3.500","f":3361313426,"l":3361313426,"T":1700041673673,"m":true}
INFO - 674 - 2023-11-15_09-47-54-+0000 UTC 0:00:00 - {"e":"aggTrade","E":1700041673954,"a":1916650748,"s":"BTCUSDT","p":"35839.00","q":"0.003","f":4291047662,"l":4291047662,"T":1700041673802,"m":false}
INFO - 859 - 2023-11-15_09-47-54-+0000 UTC 0:00:00 - {"e":"aggTrade","E":1700041674132,"a":1421337240,"s":"ETHUSDT","p":"1990.71","q":"0.064","f":3361313427,"l":3361313429,"T":1700041674130,"m":false}
INFO - 861 - 2023-11-15_09-47-54-+0000 UTC 0:00:00 - {"e":"aggTrade","E":1700041674132,"a":1421337241,"s":"ETHUSDT","p":"1990.72","q":"0.011","f":3361313430,"l":3361313430,"T":1700041674130,"m":false}
INFO - 862 - 2023-11-15_09-47-54-+0000 UTC 0:00:00 - {"e":"aggTrade","E":1700041674132,"a":1421337242,"s":"ETHUSDT","p":"1990.73","q":"0.015","f":3361313431,"l":3361313431,"T":1700041674130,"m":false}
INFO - 863 - 2023-11-15_09-47-54-+0000 UTC 0:00:00 - {"e":"aggTrade","E":1700041674132,"a":1421337243,"s":"ETHUSDT","p":"1990.74","q":"0.018","f":3361313432,"l":3361313432,"T":1700041674130,"m":false}
INFO - 864 - 2023-11-15_09-47-54-+0000 UTC 0:00:00 - {"e":"aggTrade","E":1700041674132,"a":1421337244,"s":"ETHUSDT","p":"1990.80","q":"0.011","f":3361313433,"l":3361313433,"T":1700041674130,"m":false}
INFO - 909 - 2023-11-15_09-47-54-+0000 UTC 0:00:00 - {"e":"aggTrade","E":1700041674203,"a":1916650749,"s":"BTCUSDT","p":"35839.00","q":"0.010","f":4291047663,"l":4291047663,"T":1700041674051,"m":false}
INFO - 10 - 2023-11-15_09-47-55-+0000 UTC 0:00:00 - {"e":"aggTrade","E":1700041674283,"a":1421337245,"s":"ETHUSDT","p":"1990.81","q":"0.340","f":3361313434,"l":3361313442,"T":1700041674130,"m":false}
INFO - 139 - 2023-11-15_09-47-55-+0000 UTC 0:00:00 - {"e":"aggTrade","E":1700041674326,"a":1916650750,"s":"BTCUSDT","p":"35839.00","q":"0.013","f":4291047664,"l":4291047667,"T":1700041674324,"m":false}
INFO - 139 - 2023-11-15_09-47-55-+0000 UTC 0:00:00 - {"e":"aggTrade","E":1700041674326,"a":1916650751,"s":"BTCUSDT","p":"35839.10","q":"0.003","f":4291047668,"l":4291047668,"T":1700041674324,"m":false}
INFO - 139 - 2023-11-15_09-47-55-+0000 UTC 0:00:00 - {"e":"aggTrade","E":1700041674347,"a":1916650752,"s":"BTCUSDT","p":"35839.20","q":"0.003","f":4291047669,"l":4291047670,"T":1700041674324,"m":false}
INFO - 321 - 2023-11-15_09-47-55-+0000 UTC 0:00:00 - {"e":"aggTrade","E":1700041674459,"a":1916650753,"s":"BTCUSDT","p":"35839.40","q":"0.010","f":4291047671,"l":4291047672,"T":1700041674344,"m":false}
INFO - 321 - 2023-11-15_09-47-55-+0000 UTC 0:00:00 - {"e":"aggTrade","E":1700041674459,"a":1916650754,"s":"BTCUSDT","p":"35839.50","q":"0.004","f":4291047673,"l":4291047673,"T":1700041674458,"m":false}
INFO - 321 - 2023-11-15_09-47-55-+0000 UTC 0:00:00 - {"e":"aggTrade","E":1700041674469,"a":1916650755,"s":"BTCUSDT","p":"35839.60","q":"0.003","f":4291047674,"l":4291047674,"T":1700041674458,"m":false}
INFO - 321 - 2023-11-15_09-47-55-+0000 UTC 0:00:00 - {"e":"aggTrade","E":1700041674531,"a":1916650756,"s":"BTCUSDT","p":"35839.90","q":"0.020","f":4291047675,"l":4291047679,"T":1700041674467,"m":false}
INFO - 392 - 2023-11-15_09-47-55-+0000 UTC 0:00:00 - {"e":"aggTrade","E":1700041674387,"a":1421337246,"s":"ETHUSDT","p":"1990.80","q":"0.024","f":3361313443,"l":3361313444,"T":1700041674350,"m":true}
INFO - 394 - 2023-11-15_09-47-55-+0000 UTC 0:00:00 - {"e":"aggTrade","E":1700041674388,"a":1421337247,"s":"ETHUSDT","p":"1990.81","q":"0.058","f":3361313445,"l":3361313451,"T":1700041674385,"m":false}
INFO - 398 - 2023-11-15_09-47-55-+0000 UTC 0:00:00 - {"e":"aggTrade","E":1700041674402,"a":1421337248,"s":"ETHUSDT","p":"1990.82","q":"0.011","f":3361313452,"l":3361313453,"T":1700041674386,"m":false}
INFO - 400 - 2023-11-15_09-47-55-+0000 UTC 0:00:00 - {"e":"aggTrade","E":1700041674553,"a":1421337249,"s":"ETHUSDT","p":"1990.89","q":"0.132","f":3361313454,"l":3361313466,"T":1700041674400,"m":false}
INFO - 403 - 2023-11-15_09-47-55-+0000 UTC 0:00:00 - {"e":"aggTrade","E":1700041674682,"a":1916650757,"s":"BTCUSDT","p":"35839.80","q":"0.005","f":4291047680,"l":4291047680,"T":1700041674530,"m":true}
INFO - 535 - 2023-11-15_09-47-55-+0000 UTC 0:00:00 - {"e":"aggTrade","E":1700041674807,"a":1421337250,"s":"ETHUSDT","p":"1990.89","q":"0.100","f":3361313467,"l":3361313467,"T":1700041674661,"m":false}
INFO - 672 - 2023-11-15_09-47-55-+0000 UTC 0:00:00 - {"e":"aggTrade","E":1700041674945,"a":1421337251,"s":"ETHUSDT","p":"1990.88","q":"0.091","f":3361313468,"l":3361313468,"T":1700041674806,"m":true}
INFO - 823 - 2023-11-15_09-47-55-+0000 UTC 0:00:00 - {"e":"aggTrade","E":1700041675096,"a":1421337252,"s":"ETHUSDT","p":"1990.88","q":"0.698","f":3361313469,"l":3361313470,"T":1700041674943,"m":true}
INFO - 947 - 2023-11-15_09-47-55-+0000 UTC 0:00:00 - {"e":"aggTrade","E":1700041675228,"a":1916650758,"s":"BTCUSDT","p":"35840.00","q":"0.006","f":4291047681,"l":4291047682,"T":1700041675206,"m":false}
INFO - 282 - 2023-11-15_09-47-56-+0000 UTC 0:00:00 - {"e":"aggTrade","E":1700041675309,"a":1421337253,"s":"ETHUSDT","p":"1990.88","q":"0.015","f":3361313471,"l":3361313471,"T":1700041675280,"m":true}
INFO - 296 - 2023-11-15_09-47-56-+0000 UTC 0:00:00 - {"e":"aggTrade","E":1700041675314,"a":1421337254,"s":"ETHUSDT","p":"1990.89","q":"0.206","f":3361313472,"l":3361313479,"T":1700041675307,"m":false}
INFO - 723 - 2023-11-15_09-47-56-+0000 UTC 0:00:00 - {"e":"aggTrade","E":1700041675379,"a":1916650759,"s":"BTCUSDT","p":"35840.20","q":"0.100","f":4291047683,"l":4291047683,"T":1700041675226,"m":true}
INFO - 723 - 2023-11-15_09-47-56-+0000 UTC 0:00:00 - {"e":"aggTrade","E":1700041675732,"a":1916650760,"s":"BTCUSDT","p":"35840.60","q":"0.013","f":4291047684,"l":4291047684,"T":1700041675668,"m":true}
INFO - 907 - 2023-11-15_09-47-56-+0000 UTC 0:00:00 - {"e":"aggTrade","E":1700041675883,"a":1916650761,"s":"BTCUSDT","p":"35840.70","q":"0.012","f":4291047685,"l":4291047685,"T":1700041675730,"m":false}
INFO - 907 - 2023-11-15_09-47-56-+0000 UTC 0:00:00 - {"e":"aggTrade","E":1700041676009,"a":1916650762,"s":"BTCUSDT","p":"35840.70","q":"0.005","f":4291047686,"l":4291047686,"T":1700041675944,"m":false}
INFO - 922 - 2023-11-15_09-47-56-+0000 UTC 0:00:00 - {"e":"aggTrade","E":1700041676113,"a":1916650763,"s":"BTCUSDT","p":"35840.60","q":"0.003","f":4291047687,"l":4291047687,"T":1700041676007,"m":true}
INFO - 923 - 2023-11-15_09-47-56-+0000 UTC 0:00:00 - {"e":"aggTrade","E":1700041676133,"a":1916650764,"s":"BTCUSDT","p":"35840.60","q":"0.009","f":4291047688,"l":4291047688,"T":1700041676112,"m":true}
INFO - 373 - 2023-11-15_09-47-57-+0000 UTC 0:00:00 - {"e":"aggTrade","E":1700041676284,"a":1916650765,"s":"BTCUSDT","p":"35840.70","q":"0.005","f":4291047689,"l":4291047689,"T":1700041676132,"m":false}
INFO - 373 - 2023-11-15_09-47-57-+0000 UTC 0:00:00 - {"e":"aggTrade","E":1700041676477,"a":1916650766,"s":"BTCUSDT","p":"35840.70","q":"0.004","f":4291047690,"l":4291047691,"T":1700041676401,"m":false}
INFO - 373 - 2023-11-15_09-47-57-+0000 UTC 0:00:00 - {"e":"aggTrade","E":1700041676628,"a":1916650767,"s":"BTCUSDT","p":"35840.60","q":"0.139","f":4291047692,"l":4291047692,"T":1700041676476,"m":true}
INFO - 573 - 2023-11-15_09-47-57-+0000 UTC 0:00:00 - {"e":"aggTrade","E":1700041676862,"a":1916650768,"s":"BTCUSDT","p":"35840.60","q":"0.006","f":4291047693,"l":4291047693,"T":1700041676710,"m":true}
INFO - 790 - 2023-11-15_09-47-57-+0000 UTC 0:00:00 - {"e":"aggTrade","E":1700041675465,"a":1421337255,"s":"ETHUSDT","p":"1990.90","q":"0.044","f":3361313480,"l":3361313486,"T":1700041675313,"m":false}
INFO - 790 - 2023-11-15_09-47-57-+0000 UTC 0:00:00 - {"e":"aggTrade","E":1700041675620,"a":1421337256,"s":"ETHUSDT","p":"1990.91","q":"5.000","f":3361313487,"l":3361313489,"T":1700041675468,"m":true}
INFO - 973 - 2023-11-15_09-47-57-+0000 UTC 0:00:00 - {"e":"aggTrade","E":1700041677263,"a":1916650769,"s":"BTCUSDT","p":"35840.70","q":"0.077","f":4291047694,"l":4291047695,"T":1700041677110,"m":false}
INFO - 23 - 2023-11-15_09-47-58-+0000 UTC 0:00:00 - {"e":"aggTrade","E":1700041675853,"a":1421337257,"s":"ETHUSDT","p":"1990.92","q":"0.502","f":3361313490,"l":3361313491,"T":1700041675827,"m":false}
INFO - 23 - 2023-11-15_09-47-58-+0000 UTC 0:00:00 - {"e":"aggTrade","E":1700041676004,"a":1421337258,"s":"ETHUSDT","p":"1990.91","q":"0.020","f":3361313492,"l":3361313492,"T":1700041675852,"m":true}
INFO - 23 - 2023-11-15_09-47-58-+0000 UTC 0:00:00 - {"e":"aggTrade","E":1700041676134,"a":1421337259,"s":"ETHUSDT","p":"1990.91","q":"7.000","f":3361313493,"l":3361313494,"T":1700041676127,"m":true}
INFO - 23 - 2023-11-15_09-47-58-+0000 UTC 0:00:00 - {"e":"aggTrade","E":1700041676285,"a":1421337260,"s":"ETHUSDT","p":"1990.92","q":"0.011","f":3361313495,"l":3361313495,"T":1700041676133,"m":false}
INFO - 23 - 2023-11-15_09-47-58-+0000 UTC 0:00:00 - {"e":"aggTrade","E":1700041676394,"a":1421337261,"s":"ETHUSDT","p":"1990.91","q":"0.012","f":3361313496,"l":3361313496,"T":1700041676291,"m":true}
INFO - 23 - 2023-11-15_09-47-58-+0000 UTC 0:00:00 - {"e":"aggTrade","E":1700041676545,"a":1421337262,"s":"ETHUSDT","p":"1990.91","q":"0.023","f":3361313497,"l":3361313497,"T":1700041676393,"m":true}
INFO - 39 - 2023-11-15_09-47-58-+0000 UTC 0:00:00 - {"e":"aggTrade","E":1700041676848,"a":1421337263,"s":"ETHUSDT","p":"1990.92","q":"3.608","f":3361313498,"l":3361313503,"T":1700041676847,"m":false}
INFO - 40 - 2023-11-15_09-47-58-+0000 UTC 0:00:00 - {"e":"aggTrade","E":1700041676856,"a":1421337264,"s":"ETHUSDT","p":"1990.93","q":"0.026","f":3361313504,"l":3361313505,"T":1700041676847,"m":false}
INFO - 40 - 2023-11-15_09-47-58-+0000 UTC 0:00:00 - {"e":"aggTrade","E":1700041677000,"a":1421337265,"s":"ETHUSDT","p":"1990.96","q":"0.011","f":3361313506,"l":3361313506,"T":1700041676853,"m":false}
INFO - 40 - 2023-11-15_09-47-58-+0000 UTC 0:00:00 - {"e":"aggTrade","E":1700041677151,"a":1421337266,"s":"ETHUSDT","p":"1991.03","q":"35.476","f":3361313507,"l":3361313530,"T":1700041676998,"m":true}
INFO - 140 - 2023-11-15_09-47-58-+0000 UTC 0:00:00 - {"e":"aggTrade","E":1700041677432,"a":1916650770,"s":"BTCUSDT","p":"35840.60","q":"0.015","f":4291047696,"l":4291047696,"T":1700041677426,"m":true}
INFO - 208 - 2023-11-15_09-47-58-+0000 UTC 0:00:00 - {"e":"aggTrade","E":1700041677432,"a":1916650771,"s":"BTCUSDT","p":"35840.70","q":"1.859","f":4291047697,"l":4291047705,"T":1700041677430,"m":false}
INFO - 208 - 2023-11-15_09-47-58-+0000 UTC 0:00:00 - {"e":"aggTrade","E":1700041677432,"a":1916650772,"s":"BTCUSDT","p":"35840.80","q":"0.009","f":4291047706,"l":4291047708,"T":1700041677430,"m":false}
INFO - 208 - 2023-11-15_09-47-58-+0000 UTC 0:00:00 - {"e":"aggTrade","E":1700041677432,"a":1916650773,"s":"BTCUSDT","p":"35841.00","q":"0.010","f":4291047709,"l":4291047709,"T":1700041677430,"m":false}
INFO - 223 - 2023-11-15_09-47-58-+0000 UTC 0:00:00 - {"e":"aggTrade","E":1700041677432,"a":1916650774,"s":"BTCUSDT","p":"35841.10","q":"0.003","f":4291047710,"l":4291047710,"T":1700041677430,"m":false}
INFO - 224 - 2023-11-15_09-47-58-+0000 UTC 0:00:00 - {"e":"aggTrade","E":1700041677432,"a":1916650775,"s":"BTCUSDT","p":"35841.20","q":"0.004","f":4291047711,"l":4291047711,"T":1700041677430,"m":false}
INFO - 239 - 2023-11-15_09-47-58-+0000 UTC 0:00:00 - {"e":"aggTrade","E":1700041677506,"a":1421337267,"s":"ETHUSDT","p":"1991.04","q":"0.119","f":3361313531,"l":3361313533,"T":1700041677354,"m":false}
INFO - 392 - 2023-11-15_09-47-58-+0000 UTC 0:00:00 - {"e":"aggTrade","E":1700041677432,"a":1916650776,"s":"BTCUSDT","p":"35841.50","q":"0.010","f":4291047712,"l":4291047712,"T":1700041677430,"m":false}
INFO - 393 - 2023-11-15_09-47-58-+0000 UTC 0:00:00 - {"e":"aggTrade","E":1700041677432,"a":1916650777,"s":"BTCUSDT","p":"35841.60","q":"0.167","f":4291047713,"l":4291047713,"T":1700041677430,"m":false}
INFO - 394 - 2023-11-15_09-47-58-+0000 UTC 0:00:00 - {"e":"aggTrade","E":1700041677432,"a":1916650778,"s":"BTCUSDT","p":"35841.90","q":"0.171","f":4291047714,"l":4291047714,"T":1700041677430,"m":false}
INFO - 395 - 2023-11-15_09-47-58-+0000 UTC 0:00:00 - {"e":"aggTrade","E":1700041677432,"a":1916650779,"s":"BTCUSDT","p":"35842.00","q":"0.038","f":4291047715,"l":4291047718,"T":1700041677430,"m":false}
INFO - 396 - 2023-11-15_09-47-58-+0000 UTC 0:00:00 - {"e":"aggTrade","E":1700041677432,"a":1916650780,"s":"BTCUSDT","p":"35842.10","q":"0.010","f":4291047719,"l":4291047720,"T":1700041677430,"m":false}
INFO - 397 - 2023-11-15_09-47-58-+0000 UTC 0:00:00 - {"e":"aggTrade","E":1700041677432,"a":1916650781,"s":"BTCUSDT","p":"35842.30","q":"0.367","f":4291047721,"l":4291047722,"T":1700041677430,"m":false}
INFO - 398 - 2023-11-15_09-47-58-+0000 UTC 0:00:00 - {"e":"aggTrade","E":1700041677433,"a":1916650782,"s":"BTCUSDT","p":"35842.40","q":"0.016","f":4291047723,"l":4291047723,"T":1700041677430,"m":false}
INFO - 398 - 2023-11-15_09-47-58-+0000 UTC 0:00:00 - {"e":"aggTrade","E":1700041677433,"a":1916650783,"s":"BTCUSDT","p":"35842.50","q":"0.014","f":4291047724,"l":4291047725,"T":1700041677430,"m":false}
INFO - 399 - 2023-11-15_09-47-58-+0000 UTC 0:00:00 - {"e":"aggTrade","E":1700041677448,"a":1916650784,"s":"BTCUSDT","p":"35842.60","q":"0.112","f":4291047726,"l":4291047726,"T":1700041677430,"m":false}
INFO - 400 - 2023-11-15_09-47-58-+0000 UTC 0:00:00 - {"e":"aggTrade","E":1700041677588,"a":1916650785,"s":"BTCUSDT","p":"35842.50","q":"0.029","f":4291047727,"l":4291047727,"T":1700041677446,"m":true}
INFO - 401 - 2023-11-15_09-47-58-+0000 UTC 0:00:00 - {"e":"aggTrade","E":1700041677614,"a":1916650786,"s":"BTCUSDT","p":"35842.50","q":"0.153","f":4291047728,"l":4291047729,"T":1700041677586,"m":true}
INFO - 402 - 2023-11-15_09-47-58-+0000 UTC 0:00:00 - {"e":"aggTrade","E":1700041677664,"a":1916650787,"s":"BTCUSDT","p":"35842.60","q":"1.133","f":4291047730,"l":4291047732,"T":1700041677613,"m":false}
INFO - 533 - 2023-11-15_09-47-58-+0000 UTC 0:00:00 - {"e":"aggTrade","E":1700041677815,"a":1916650788,"s":"BTCUSDT","p":"35842.50","q":"0.125","f":4291047733,"l":4291047734,"T":1700041677663,"m":true}
INFO - 808 - 2023-11-15_09-47-58-+0000 UTC 0:00:00 - {"e":"aggTrade","E":1700041678084,"a":1421337268,"s":"ETHUSDT","p":"1991.04","q":"1.004","f":3361313534,"l":3361313535,"T":1700041677931,"m":false}
INFO - 330 - 2023-11-15_09-47-59-+0000 UTC 0:00:00 - {"e":"aggTrade","E":1700041678523,"a":1421337269,"s":"ETHUSDT","p":"1991.03","q":"0.900","f":3361313536,"l":3361313536,"T":1700041678371,"m":true}
INFO - 519 - 2023-11-15_09-47-59-+0000 UTC 0:00:00 - {"e":"aggTrade","E":1700041678472,"a":1916650789,"s":"BTCUSDT","p":"35842.60","q":"0.005","f":4291047735,"l":4291047735,"T":1700041678417,"m":false}
INFO - 524 - 2023-11-15_09-47-59-+0000 UTC 0:00:00 - {"e":"aggTrade","E":1700041678613,"a":1916650790,"s":"BTCUSDT","p":"35842.50","q":"0.004","f":4291047736,"l":4291047736,"T":1700041678471,"m":true}
INFO - 528 - 2023-11-15_09-47-59-+0000 UTC 0:00:00 - {"e":"aggTrade","E":1700041678635,"a":1916650791,"s":"BTCUSDT","p":"35842.50","q":"0.027","f":4291047737,"l":4291047737,"T":1700041678611,"m":true}
INFO - 541 - 2023-11-15_09-47-59-+0000 UTC 0:00:00 - {"e":"aggTrade","E":1700041678786,"a":1916650792,"s":"BTCUSDT","p":"35842.60","q":"0.013","f":4291047738,"l":4291047738,"T":1700041678633,"m":false}
INFO - 773 - 2023-11-15_09-47-59-+0000 UTC 0:00:00 - {"e":"aggTrade","E":1700041679054,"a":1916650793,"s":"BTCUSDT","p":"35842.60","q":"0.003","f":4291047739,"l":4291047739,"T":1700041678902,"m":false}
INFO - 7 - 2023-11-15_09-48-00-+0000 UTC 0:00:00 - {"e":"aggTrade","E":1700041678650,"a":1421337270,"s":"ETHUSDT","p":"1991.04","q":"0.495","f":3361313537,"l":3361313547,"T":1700041678558,"m":false}
INFO - 206 - 2023-11-15_09-48-00-+0000 UTC 0:00:00 - {"e":"aggTrade","E":1700041678650,"a":1421337271,"s":"ETHUSDT","p":"1991.05","q":"0.011","f":3361313548,"l":3361313548,"T":1700041678647,"m":false}
INFO - 206 - 2023-11-15_09-48-00-+0000 UTC 0:00:00 - {"e":"aggTrade","E":1700041678650,"a":1421337272,"s":"ETHUSDT","p":"1991.06","q":"0.285","f":3361313549,"l":3361313549,"T":1700041678647,"m":false}
INFO - 206 - 2023-11-15_09-48-00-+0000 UTC 0:00:00 - {"e":"aggTrade","E":1700041678650,"a":1421337273,"s":"ETHUSDT","p":"1991.07","q":"0.011","f":3361313550,"l":3361313550,"T":1700041678647,"m":false}
INFO - 206 - 2023-11-15_09-48-00-+0000 UTC 0:00:00 - {"e":"aggTrade","E":1700041678650,"a":1421337274,"s":"ETHUSDT","p":"1991.10","q":"0.110","f":3361313551,"l":3361313552,"T":1700041678647,"m":false}
INFO - 206 - 2023-11-15_09-48-00-+0000 UTC 0:00:00 - {"e":"aggTrade","E":1700041678650,"a":1421337275,"s":"ETHUSDT","p":"1991.13","q":"0.015","f":3361313553,"l":3361313553,"T":1700041678647,"m":false}
INFO - 206 - 2023-11-15_09-48-00-+0000 UTC 0:00:00 - {"e":"aggTrade","E":1700041678665,"a":1421337276,"s":"ETHUSDT","p":"1991.14","q":"0.548","f":3361313554,"l":3361313554,"T":1700041678647,"m":false}
INFO - 206 - 2023-11-15_09-48-00-+0000 UTC 0:00:00 - {"e":"aggTrade","E":1700041678687,"a":1421337277,"s":"ETHUSDT","p":"1991.18","q":"0.708","f":3361313555,"l":3361313557,"T":1700041678663,"m":true}
INFO - 206 - 2023-11-15_09-48-00-+0000 UTC 0:00:00 - {"e":"aggTrade","E":1700041678687,"a":1421337278,"s":"ETHUSDT","p":"1991.19","q":"3.752","f":3361313558,"l":3361313561,"T":1700041678686,"m":false}
INFO - 206 - 2023-11-15_09-48-00-+0000 UTC 0:00:00 - {"e":"aggTrade","E":1700041678687,"a":1421337279,"s":"ETHUSDT","p":"1991.20","q":"0.079","f":3361313562,"l":3361313562,"T":1700041678686,"m":false}
INFO - 206 - 2023-11-15_09-48-00-+0000 UTC 0:00:00 - {"e":"aggTrade","E":1700041678687,"a":1421337280,"s":"ETHUSDT","p":"1991.21","q":"2.000","f":3361313563,"l":3361313563,"T":1700041678686,"m":false}
INFO - 206 - 2023-11-15_09-48-00-+0000 UTC 0:00:00 - {"e":"aggTrade","E":1700041678838,"a":1421337281,"s":"ETHUSDT","p":"1991.22","q":"4.282","f":3361313564,"l":3361313566,"T":1700041678686,"m":false}
INFO - 206 - 2023-11-15_09-48-00-+0000 UTC 0:00:00 - {"e":"aggTrade","E":1700041679457,"a":1421337282,"s":"ETHUSDT","p":"1991.24","q":"0.150","f":3361313567,"l":3361313567,"T":1700041679305,"m":false}
INFO - 408 - 2023-11-15_09-48-00-+0000 UTC 0:00:00 - {"e":"aggTrade","E":1700041679622,"a":1421337283,"s":"ETHUSDT","p":"1991.23","q":"25.393","f":3361313568,"l":3361313587,"T":1700041679621,"m":true}
INFO - 410 - 2023-11-15_09-48-00-+0000 UTC 0:00:00 - {"e":"aggTrade","E":1700041679622,"a":1421337284,"s":"ETHUSDT","p":"1991.22","q":"0.011","f":3361313588,"l":3361313588,"T":1700041679621,"m":true}
INFO - 412 - 2023-11-15_09-48-00-+0000 UTC 0:00:00 - {"e":"aggTrade","E":1700041679622,"a":1421337285,"s":"ETHUSDT","p":"1991.18","q":"0.269","f":3361313589,"l":3361313589,"T":1700041679621,"m":true}
INFO - 413 - 2023-11-15_09-48-00-+0000 UTC 0:00:00 - {"e":"aggTrade","E":1700041679622,"a":1421337286,"s":"ETHUSDT","p":"1991.15","q":"0.332","f":3361313590,"l":3361313590,"T":1700041679621,"m":true}
INFO - 415 - 2023-11-15_09-48-00-+0000 UTC 0:00:00 - {"e":"aggTrade","E":1700041679622,"a":1421337287,"s":"ETHUSDT","p":"1991.14","q":"0.015","f":3361313591,"l":3361313591,"T":1700041679621,"m":true}
INFO - 417 - 2023-11-15_09-48-00-+0000 UTC 0:00:00 - {"e":"aggTrade","E":1700041679622,"a":1421337288,"s":"ETHUSDT","p":"1991.12","q":"1.004","f":3361313592,"l":3361313592,"T":1700041679621,"m":true}
INFO - 418 - 2023-11-15_09-48-00-+0000 UTC 0:00:00 - {"e":"aggTrade","E":1700041679622,"a":1421337289,"s":"ETHUSDT","p":"1991.11","q":"1.109","f":3361313593,"l":3361313594,"T":1700041679621,"m":true}
INFO - 421 - 2023-11-15_09-48-00-+0000 UTC 0:00:00 - {"e":"aggTrade","E":1700041679622,"a":1421337290,"s":"ETHUSDT","p":"1991.10","q":"0.013","f":3361313595,"l":3361313595,"T":1700041679621,"m":true}
INFO - 424 - 2023-11-15_09-48-00-+0000 UTC 0:00:00 - {"e":"aggTrade","E":1700041679622,"a":1421337291,"s":"ETHUSDT","p":"1991.08","q":"0.289","f":3361313596,"l":3361313596,"T":1700041679621,"m":true}
INFO - 442 - 2023-11-15_09-48-00-+0000 UTC 0:00:00 - {"e":"aggTrade","E":1700041679623,"a":1421337292,"s":"ETHUSDT","p":"1991.06","q":"1.477","f":3361313597,"l":3361313598,"T":1700041679621,"m":true}
INFO - 442 - 2023-11-15_09-48-00-+0000 UTC 0:00:00 - {"e":"aggTrade","E":1700041679623,"a":1421337293,"s":"ETHUSDT","p":"1991.05","q":"9.215","f":3361313599,"l":3361313601,"T":1700041679621,"m":true}
INFO - 455 - 2023-11-15_09-48-00-+0000 UTC 0:00:00 - {"e":"aggTrade","E":1700041679644,"a":1421337294,"s":"ETHUSDT","p":"1991.04","q":"11.173","f":3361313602,"l":3361313605,"T":1700041679621,"m":true}
INFO - 525 - 2023-11-15_09-48-00-+0000 UTC 0:00:00 - {"e":"aggTrade","E":1700041679806,"a":1916650794,"s":"BTCUSDT","p":"35842.50","q":"0.100","f":4291047740,"l":4291047740,"T":1700041679653,"m":true}
INFO - 638 - 2023-11-15_09-48-00-+0000 UTC 0:00:00 - {"e":"aggTrade","E":1700041679795,"a":1421337295,"s":"ETHUSDT","p":"1991.05","q":"0.401","f":3361313606,"l":3361313607,"T":1700041679643,"m":false}
INFO - 771 - 2023-11-15_09-48-00-+0000 UTC 0:00:00 - {"e":"aggTrade","E":1700041680055,"a":1916650795,"s":"BTCUSDT","p":"35842.50","q":"0.004","f":4291047741,"l":4291047741,"T":1700041679903,"m":true}
INFO - 924 - 2023-11-15_09-48-00-+0000 UTC 0:00:00 - {"e":"aggTrade","E":1700041680212,"a":1916650796,"s":"BTCUSDT","p":"35842.60","q":"0.007","f":4291047742,"l":4291047743,"T":1700041680060,"m":false}
INFO - 941 - 2023-11-15_09-48-00-+0000 UTC 0:00:00 - {"e":"aggTrade","E":1700041680214,"a":1421337296,"s":"ETHUSDT","p":"1991.04","q":"0.054","f":3361313608,"l":3361313608,"T":1700041680061,"m":true}
INFO - 53 - 2023-11-15_09-48-01-+0000 UTC 0:00:00 - {"e":"aggTrade","E":1700041680336,"a":1916650797,"s":"BTCUSDT","p":"35842.60","q":"0.009","f":4291047744,"l":4291047745,"T":1700041680228,"m":false}
INFO - 203 - 2023-11-15_09-48-01-+0000 UTC 0:00:00 - {"e":"aggTrade","E":1700041680487,"a":1916650798,"s":"BTCUSDT","p":"35842.60","q":"0.003","f":4291047746,"l":4291047746,"T":1700041680335,"m":false}
INFO - 335 - 2023-11-15_09-48-01-+0000 UTC 0:00:00 - {"e":"aggTrade","E":1700041680608,"a":1916650799,"s":"BTCUSDT","p":"35842.70","q":"0.003","f":4291047747,"l":4291047747,"T":1700041680606,"m":false}
INFO - 338 - 2023-11-15_09-48-01-+0000 UTC 0:00:00 - {"e":"aggTrade","E":1700041680604,"a":1421337297,"s":"ETHUSDT","p":"1991.04","q":"13.368","f":3361313609,"l":3361313627,"T":1700041680545,"m":true}
INFO - 339 - 2023-11-15_09-48-01-+0000 UTC 0:00:00 - {"e":"aggTrade","E":1700041680608,"a":1916650800,"s":"BTCUSDT","p":"35842.80","q":"0.006","f":4291047748,"l":4291047749,"T":1700041680606,"m":false}
INFO - 442 - 2023-11-15_09-48-01-+0000 UTC 0:00:00 - {"e":"aggTrade","E":1700041680608,"a":1916650801,"s":"BTCUSDT","p":"35843.00","q":"0.013","f":4291047750,"l":4291047751,"T":1700041680606,"m":false}
INFO - 444 - 2023-11-15_09-48-01-+0000 UTC 0:00:00 - {"e":"aggTrade","E":1700041680608,"a":1916650802,"s":"BTCUSDT","p":"35843.30","q":"0.003","f":4291047752,"l":4291047752,"T":1700041680606,"m":false}
INFO - 446 - 2023-11-15_09-48-01-+0000 UTC 0:00:00 - {"e":"aggTrade","E":1700041680610,"a":1916650803,"s":"BTCUSDT","p":"35843.50","q":"0.568","f":4291047753,"l":4291047755,"T":1700041680606,"m":false}
INFO - 448 - 2023-11-15_09-48-01-+0000 UTC 0:00:00 - {"e":"aggTrade","E":1700041680610,"a":1916650804,"s":"BTCUSDT","p":"35843.60","q":"0.003","f":4291047756,"l":4291047756,"T":1700041680607,"m":false}
INFO - 450 - 2023-11-15_09-48-01-+0000 UTC 0:00:00 - {"e":"aggTrade","E":1700041680610,"a":1916650805,"s":"BTCUSDT","p":"35843.70","q":"0.003","f":4291047757,"l":4291047757,"T":1700041680607,"m":false}
INFO - 452 - 2023-11-15_09-48-01-+0000 UTC 0:00:00 - {"e":"aggTrade","E":1700041680610,"a":1916650806,"s":"BTCUSDT","p":"35843.90","q":"0.005","f":4291047758,"l":4291047758,"T":1700041680607,"m":false}
INFO - 454 - 2023-11-15_09-48-01-+0000 UTC 0:00:00 - {"e":"aggTrade","E":1700041680610,"a":1916650807,"s":"BTCUSDT","p":"35844.00","q":"0.010","f":4291047759,"l":4291047759,"T":1700041680607,"m":false}
INFO - 456 - 2023-11-15_09-48-01-+0000 UTC 0:00:00 - {"e":"aggTrade","E":1700041680656,"a":1916650808,"s":"BTCUSDT","p":"35844.30","q":"0.224","f":4291047760,"l":4291047763,"T":1700041680607,"m":false}
INFO - 484 - 2023-11-15_09-48-01-+0000 UTC 0:00:00 - {"e":"aggTrade","E":1700041680755,"a":1421337298,"s":"ETHUSDT","p":"1991.05","q":"0.036","f":3361313628,"l":3361313628,"T":1700041680603,"m":false}
INFO - 521 - 2023-11-15_09-48-01-+0000 UTC 0:00:00 - {"e":"aggTrade","E":1700041680656,"a":1916650809,"s":"BTCUSDT","p":"35844.40","q":"0.003","f":4291047764,"l":4291047764,"T":1700041680654,"m":false}
INFO - 526 - 2023-11-15_09-48-01-+0000 UTC 0:00:00 - {"e":"aggTrade","E":1700041680807,"a":1916650810,"s":"BTCUSDT","p":"35844.50","q":"0.003","f":4291047765,"l":4291047765,"T":1700041680654,"m":false}
INFO - 104 - Inside startServer()
INFO - 304 - 2023-11-15_10-27-22-+0000 UTC 0:00:00 - {"e":"aggTrade","E":1700044041640,"a":1421351001,"s":"ETHUSDT","p":"1984.26","q":"0.273","f":3361360349,"l":3361360349,"T":1700044041550,"m":true}
ERROR - 309 - The program encountered an error
ERROR - 310 - 2023-11-15_10-27-22-+0000 UTC 0:00:00 - string indices must be integers, not 'str' - {"e":"aggTrade","E":1700044041640,"a":1421351001,"s":"ETHUSDT","p":"1984.26","q":"0.273","f":3361360349,"l":3361360349,"T":1700044041550,"m":true}
INFO - 410 - 2023-11-15_10-27-22-+0000 UTC 0:00:00 - {"e":"aggTrade","E":1700044041747,"a":1916669531,"s":"BTCUSDT","p":"35780.90","q":"0.009","f":4291104279,"l":4291104279,"T":1700044041606,"m":false}
ERROR - 414 - The program encountered an error
ERROR - 415 - 2023-11-15_10-27-22-+0000 UTC 0:00:00 - string indices must be integers, not 'str' - {"e":"aggTrade","E":1700044041747,"a":1916669531,"s":"BTCUSDT","p":"35780.90","q":"0.009","f":4291104279,"l":4291104279,"T":1700044041606,"m":false}
INFO - 306 - Inside startServer()
INFO - 721 - 2023-11-15_10-27-33-+0000 UTC 0:00:00 - {"e":"aggTrade","E":1700044053061,"a":1916669608,"s":"BTCUSDT","p":"35776.00","q":"0.124","f":4291104513,"l":4291104522,"T":1700044052909,"m":true}
ERROR - 721 - The program encountered an error
ERROR - 737 - 2023-11-15_10-27-33-+0000 UTC 0:00:00 - string indices must be integers, not 'str' - {"e":"aggTrade","E":1700044053061,"a":1916669608,"s":"BTCUSDT","p":"35776.00","q":"0.124","f":4291104513,"l":4291104522,"T":1700044052909,"m":true}
INFO - 972 - 2023-11-15_10-27-34-+0000 UTC 0:00:00 - {"e":"aggTrade","E":1700044054302,"a":1421351046,"s":"ETHUSDT","p":"1984.40","q":"0.020","f":3361360542,"l":3361360542,"T":1700044054149,"m":true}
ERROR - 972 - The program encountered an error
ERROR - 972 - 2023-11-15_10-27-34-+0000 UTC 0:00:00 - string indices must be integers, not 'str' - {"e":"aggTrade","E":1700044054302,"a":1421351046,"s":"ETHUSDT","p":"1984.40","q":"0.020","f":3361360542,"l":3361360542,"T":1700044054149,"m":true}
INFO - 239 - Inside startServer()
INFO - 310 - 2023-11-15_10-28-50-+0000 UTC 0:00:00 - {"e":"aggTrade","E":1700044129652,"a":1916670056,"s":"BTCUSDT","p":"35800.50","q":"0.007","f":4291105600,"l":4291105602,"T":1700044129583,"m":false}
ERROR - 310 - The program encountered an error
ERROR - 310 - 2023-11-15_10-28-50-+0000 UTC 0:00:00 - string indices must be integers, not 'str' - {"e":"aggTrade","E":1700044129652,"a":1916670056,"s":"BTCUSDT","p":"35800.50","q":"0.007","f":4291105600,"l":4291105602,"T":1700044129583,"m":false}
INFO - 224 - 2023-11-15_10-28-51-+0000 UTC 0:00:00 - {"e":"aggTrade","E":1700044130570,"a":1421351344,"s":"ETHUSDT","p":"1985.69","q":"0.028","f":3361361490,"l":3361361490,"T":1700044130418,"m":false}
ERROR - 224 - The program encountered an error
ERROR - 224 - 2023-11-15_10-28-51-+0000 UTC 0:00:00 - string indices must be integers, not 'str' - {"e":"aggTrade","E":1700044130570,"a":1421351344,"s":"ETHUSDT","p":"1985.69","q":"0.028","f":3361361490,"l":3361361490,"T":1700044130418,"m":false}
INFO - 939 - Inside startServer()
INFO - 120 - 2023-11-15_10-31-20-+0000 UTC 0:00:00 - {"e":"aggTrade","E":1700044279446,"a":1916671003,"s":"BTCUSDT","p":"35820.50","q":"0.006","f":4291108128,"l":4291108128,"T":1700044279293,"m":true}
INFO - 356 - 2023-11-15_10-31-20-+0000 UTC 0:00:00 - {"e":"aggTrade","E":1700044279694,"a":1916671004,"s":"BTCUSDT","p":"35820.60","q":"0.201","f":4291108129,"l":4291108129,"T":1700044279542,"m":false}
INFO - 405 - 2023-11-15_10-31-20-+0000 UTC 0:00:00 - {"e":"aggTrade","E":1700044279750,"a":1421351985,"s":"ETHUSDT","p":"1986.71","q":"0.045","f":3361363280,"l":3361363280,"T":1700044279597,"m":false}
INFO - 635 - 2023-11-15_10-31-20-+0000 UTC 0:00:00 - {"e":"aggTrade","E":1700044279971,"a":1916671005,"s":"BTCUSDT","p":"35820.50","q":"0.033","f":4291108130,"l":4291108130,"T":1700044279819,"m":true}
