INFO - 333 - Inside startServer()
INFO - 403 - 2023-11-09_20-52-34 - {"e":"aggTrade","E":1699543355127,"s":"ETHUSDT","a":955173661,"p":"2036.71000000","q":"5.32660000","f":1227025685,"l":1227025687,"T":1699543355125,"m":false,"M":true}
INFO - 403 - 2023-11-09_20-52-34 - {"e":"aggTrade","E":1699543355127,"s":"ETHUSDT","a":955173662,"p":"2036.72000000","q":"1.84100000","f":1227025688,"l":1227025688,"T":1699543355126,"m":false,"M":true}
INFO - 418 - 2023-11-09_20-52-34 - {"e":"aggTrade","E":1699543355128,"s":"ETHUSDT","a":955173663,"p":"2036.72000000","q":"0.79820000","f":1227025689,"l":1227025689,"T":1699543355127,"m":false,"M":true}
INFO - 420 - 2023-11-09_20-52-34 - {"e":"aggTrade","E":1699543355155,"s":"ETHUSDT","a":955173664,"p":"2037.25000000","q":"0.00400000","f":1227025690,"l":1227025690,"T":1699543355154,"m":false,"M":true}
INFO - 420 - 2023-11-09_20-52-34 - {"e":"aggTrade","E":1699543355160,"s":"ETHUSDT","a":955173665,"p":"2037.40000000","q":"1.90000000","f":1227025691,"l":1227025691,"T":1699543355159,"m":true,"M":true}
INFO - 470 - 2023-11-09_20-52-34 - {"e":"aggTrade","E":1699543355205,"s":"ETHUSDT","a":955173666,"p":"2037.50000000","q":"0.00990000","f":1227025692,"l":1227025692,"T":1699543355204,"m":false,"M":true}
INFO - 470 - 2023-11-09_20-52-34 - {"e":"aggTrade","E":1699543355210,"s":"ETHUSDT","a":955173667,"p":"2037.49000000","q":"1.14900000","f":1227025693,"l":1227025693,"T":1699543355210,"m":true,"M":true}
INFO - 470 - 2023-11-09_20-52-34 - {"e":"aggTrade","E":1699543355198,"s":"BTCUSDT","a":2751805978,"p":"37591.11000000","q":"0.01000000","f":3274449422,"l":3274449422,"T":1699543355197,"m":false,"M":true}
INFO - 487 - 2023-11-09_20-52-34 - {"e":"aggTrade","E":1699543355217,"s":"XRPUSDT","a":399206660,"p":"0.69760000","q":"7001.00000000","f":563609665,"l":563609667,"T":1699543355215,"m":true,"M":true}
INFO - 487 - 2023-11-09_20-52-34 - {"e":"aggTrade","E":1699543355217,"s":"XRPUSDT","a":399206661,"p":"0.69750000","q":"4688.00000000","f":563609668,"l":563609670,"T":1699543355215,"m":true,"M":true}
INFO - 487 - 2023-11-09_20-52-34 - {"e":"aggTrade","E":1699543355217,"s":"XRPUSDT","a":399206662,"p":"0.69740000","q":"8536.00000000","f":563609671,"l":563609678,"T":1699543355215,"m":true,"M":true}
INFO - 501 - 2023-11-09_20-52-34 - {"e":"aggTrade","E":1699543355237,"s":"XRPUSDT","a":399206663,"p":"0.69750000","q":"2148.00000000","f":563609679,"l":563609679,"T":1699543355236,"m":false,"M":true}
INFO - 503 - 2023-11-09_20-52-34 - {"e":"aggTrade","E":1699543355243,"s":"XRPUSDT","a":399206664,"p":"0.69750000","q":"2148.00000000","f":563609680,"l":563609680,"T":1699543355242,"m":false,"M":true}
INFO - 503 - 2023-11-09_20-52-34 - {"e":"aggTrade","E":1699543355250,"s":"XRPUSDT","a":399206665,"p":"0.69740000","q":"17762.00000000","f":563609681,"l":563609684,"T":1699543355248,"m":true,"M":true}
INFO - 503 - 2023-11-09_20-52-34 - {"e":"aggTrade","E":1699543355250,"s":"XRPUSDT","a":399206666,"p":"0.69730000","q":"8266.00000000","f":563609685,"l":563609688,"T":1699543355248,"m":true,"M":true}
INFO - 503 - 2023-11-09_20-52-34 - {"e":"aggTrade","E":1699543355250,"s":"XRPUSDT","a":399206667,"p":"0.69720000","q":"6432.00000000","f":563609689,"l":563609694,"T":1699543355248,"m":true,"M":true}
INFO - 517 - 2023-11-09_20-52-34 - {"e":"aggTrade","E":1699543355250,"s":"XRPUSDT","a":399206668,"p":"0.69710000","q":"36906.00000000","f":563609695,"l":563609700,"T":1699543355248,"m":true,"M":true}
INFO - 519 - 2023-11-09_20-52-34 - {"e":"aggTrade","E":1699543355250,"s":"XRPUSDT","a":399206669,"p":"0.69700000","q":"40871.00000000","f":563609701,"l":563609719,"T":1699543355248,"m":true,"M":true}
INFO - 519 - 2023-11-09_20-52-34 - {"e":"aggTrade","E":1699543355261,"s":"XRPUSDT","a":399206670,"p":"0.69720000","q":"142.00000000","f":563609720,"l":563609720,"T":1699543355260,"m":false,"M":true}
INFO - 519 - 2023-11-09_20-52-34 - {"e":"aggTrade","E":1699543355262,"s":"ETHUSDT","a":955173668,"p":"2037.49000000","q":"0.02570000","f":1227025694,"l":1227025694,"T":1699543355261,"m":true,"M":true}
INFO - 519 - 2023-11-09_20-52-34 - {"e":"aggTrade","E":1699543355265,"s":"XRPUSDT","a":399206671,"p":"0.69730000","q":"285.00000000","f":563609721,"l":563609721,"T":1699543355264,"m":false,"M":true}
INFO - 536 - 2023-11-09_20-52-34 - {"e":"aggTrade","E":1699543355278,"s":"XRPUSDT","a":399206672,"p":"0.69720000","q":"2148.00000000","f":563609722,"l":563609722,"T":1699543355278,"m":false,"M":true}
INFO - 569 - 2023-11-09_20-52-34 - {"e":"aggTrade","E":1699543355295,"s":"BTCUSDT","a":2751805979,"p":"37591.10000000","q":"0.00078000","f":3274449423,"l":3274449423,"T":1699543355294,"m":true,"M":true}
INFO - 602 - 2023-11-09_20-52-34 - {"e":"aggTrade","E":1699543355293,"s":"XRPUSDT","a":399206673,"p":"0.69720000","q":"2148.00000000","f":563609723,"l":563609723,"T":1699543355292,"m":false,"M":true}
INFO - 603 - 2023-11-09_20-52-34 - {"e":"aggTrade","E":1699543355301,"s":"XRPUSDT","a":399206674,"p":"0.69730000","q":"879.00000000","f":563609724,"l":563609724,"T":1699543355300,"m":false,"M":true}
INFO - 603 - 2023-11-09_20-52-34 - {"e":"aggTrade","E":1699543355309,"s":"XRPUSDT","a":399206675,"p":"0.69720000","q":"2148.00000000","f":563609725,"l":563609725,"T":1699543355309,"m":false,"M":true}
INFO - 619 - 2023-11-09_20-52-34 - {"e":"aggTrade","E":1699543355355,"s":"ETHUSDT","a":955173669,"p":"2037.50000000","q":"0.26050000","f":1227025695,"l":1227025695,"T":1699543355354,"m":false,"M":true}
INFO - 636 - 2023-11-09_20-52-34 - {"e":"aggTrade","E":1699543355376,"s":"XRPUSDT","a":399206676,"p":"0.69730000","q":"52.00000000","f":563609726,"l":563609726,"T":1699543355375,"m":false,"M":true}
INFO - 669 - 2023-11-09_20-52-34 - {"e":"aggTrade","E":1699543355413,"s":"ETHUSDT","a":955173670,"p":"2037.49000000","q":"0.50000000","f":1227025696,"l":1227025696,"T":1699543355413,"m":true,"M":true}
INFO - 669 - 2023-11-09_20-52-34 - {"e":"aggTrade","E":1699543355415,"s":"ETHUSDT","a":955173671,"p":"2037.49000000","q":"1.19330000","f":1227025697,"l":1227025697,"T":1699543355414,"m":true,"M":true}
INFO - 669 - 2023-11-09_20-52-34 - {"e":"aggTrade","E":1699543355416,"s":"ETHUSDT","a":955173672,"p":"2037.34000000","q":"1.47230000","f":1227025698,"l":1227025698,"T":1699543355416,"m":true,"M":true}
INFO - 703 - 2023-11-09_20-52-34 - {"e":"aggTrade","E":1699543355426,"s":"BTCUSDT","a":2751805980,"p":"37591.10000000","q":"0.00084000","f":3274449424,"l":3274449424,"T":1699543355425,"m":true,"M":true}
INFO - 703 - 2023-11-09_20-52-34 - {"e":"aggTrade","E":1699543355431,"s":"BTCUSDT","a":2751805981,"p":"37591.11000000","q":"0.00272000","f":3274449425,"l":3274449425,"T":1699543355430,"m":false,"M":true}
INFO - 736 - 2023-11-09_20-52-34 - {"e":"aggTrade","E":1699543355453,"s":"ETHUSDT","a":955173673,"p":"2037.21000000","q":"0.00400000","f":1227025699,"l":1227025699,"T":1699543355452,"m":true,"M":true}
INFO - 752 - 2023-11-09_20-52-34 - {"e":"aggTrade","E":1699543355479,"s":"BTCUSDT","a":2751805982,"p":"37591.11000000","q":"0.20025000","f":3274449426,"l":3274449426,"T":1699543355478,"m":false,"M":true}
INFO - 752 - 2023-11-09_20-52-34 - {"e":"aggTrade","E":1699543355496,"s":"ETHUSDT","a":955173674,"p":"2037.04000000","q":"0.43500000","f":1227025700,"l":1227025700,"T":1699543355495,"m":false,"M":true}
INFO - 752 - 2023-11-09_20-52-34 - {"e":"aggTrade","E":1699543355496,"s":"ETHUSDT","a":955173675,"p":"2037.03000000","q":"0.02150000","f":1227025701,"l":1227025701,"T":1699543355495,"m":true,"M":true}
INFO - 785 - 2023-11-09_20-52-34 - {"e":"aggTrade","E":1699543355524,"s":"ETHUSDT","a":955173676,"p":"2037.04000000","q":"0.00490000","f":1227025702,"l":1227025702,"T":1699543355523,"m":false,"M":true}
INFO - 819 - 2023-11-09_20-52-34 - {"e":"aggTrade","E":1699543355556,"s":"ETHUSDT","a":955173677,"p":"2037.04000000","q":"0.01490000","f":1227025703,"l":1227025703,"T":1699543355555,"m":false,"M":true}
INFO - 819 - 2023-11-09_20-52-34 - {"e":"aggTrade","E":1699543355539,"s":"XRPUSDT","a":399206677,"p":"0.69730000","q":"725.00000000","f":563609727,"l":563609727,"T":1699543355539,"m":false,"M":true}
INFO - 869 - 2023-11-09_20-52-34 - {"e":"aggTrade","E":1699543355557,"s":"BTCUSDT","a":2751805983,"p":"37591.11000000","q":"0.00100000","f":3274449427,"l":3274449427,"T":1699543355556,"m":false,"M":true}
INFO - 869 - 2023-11-09_20-52-34 - {"e":"aggTrade","E":1699543355572,"s":"BTCUSDT","a":2751805984,"p":"37591.11000000","q":"0.00862000","f":3274449428,"l":3274449428,"T":1699543355571,"m":false,"M":true}
INFO - 919 - 2023-11-09_20-52-34 - {"e":"aggTrade","E":1699543355656,"s":"BTCUSDT","a":2751805985,"p":"37591.11000000","q":"0.00178000","f":3274449429,"l":3274449429,"T":1699543355655,"m":false,"M":true}
INFO - 970 - 2023-11-09_20-52-34 - {"e":"aggTrade","E":1699543355719,"s":"ETHUSDT","a":955173678,"p":"2037.04000000","q":"0.09910000","f":1227025704,"l":1227025704,"T":1699543355718,"m":false,"M":true}
INFO - 3 - 2023-11-09_20-52-35 - {"e":"aggTrade","E":1699543355739,"s":"ETHUSDT","a":955173679,"p":"2037.04000000","q":"0.21000000","f":1227025705,"l":1227025705,"T":1699543355738,"m":false,"M":true}
INFO - 197 - 2023-11-09_20-52-35 - {"e":"aggTrade","E":1699543355908,"s":"BTCUSDT","a":2751805986,"p":"37591.10000000","q":"0.01001000","f":3274449430,"l":3274449430,"T":1699543355907,"m":true,"M":true}
INFO - 206 - 2023-11-09_20-52-35 - {"e":"aggTrade","E":1699543355941,"s":"ETHUSDT","a":955173680,"p":"2037.04000000","q":"0.04900000","f":1227025706,"l":1227025706,"T":1699543355940,"m":false,"M":true}
INFO - 267 - 2023-11-09_20-52-35 - {"e":"aggTrade","E":1699543355984,"s":"BTCUSDT","a":2751805987,"p":"37591.10000000","q":"0.00194000","f":3274449431,"l":3274449431,"T":1699543355983,"m":true,"M":true}
INFO - 267 - 2023-11-09_20-52-35 - {"e":"aggTrade","E":1699543355975,"s":"ETHUSDT","a":955173681,"p":"2037.03000000","q":"0.00840000","f":1227025707,"l":1227025707,"T":1699543355974,"m":true,"M":true}
INFO - 270 - 2023-11-09_20-52-35 - {"e":"aggTrade","E":1699543356006,"s":"ETHUSDT","a":955173682,"p":"2037.04000000","q":"0.16800000","f":1227025708,"l":1227025708,"T":1699543356005,"m":false,"M":true}
INFO - 336 - 2023-11-09_20-52-35 - {"e":"aggTrade","E":1699543356059,"s":"BTCUSDT","a":2751805988,"p":"37591.11000000","q":"0.00135000","f":3274449432,"l":3274449432,"T":1699543356058,"m":false,"M":true}
INFO - 357 - 2023-11-09_20-52-35 - {"e":"aggTrade","E":1699543356084,"s":"BTCUSDT","a":2751805989,"p":"37591.10000000","q":"0.00303000","f":3274449433,"l":3274449433,"T":1699543356083,"m":true,"M":true}
INFO - 357 - 2023-11-09_20-52-35 - {"e":"aggTrade","E":1699543356090,"s":"BTCUSDT","a":2751805990,"p":"37591.10000000","q":"0.00304000","f":3274449434,"l":3274449434,"T":1699543356089,"m":true,"M":true}
INFO - 389 - 2023-11-09_20-52-35 - {"e":"aggTrade","E":1699543356104,"s":"BTCUSDT","a":2751805991,"p":"37591.10000000","q":"0.22140000","f":3274449435,"l":3274449441,"T":1699543356102,"m":true,"M":true}
INFO - 389 - 2023-11-09_20-52-35 - {"e":"aggTrade","E":1699543356107,"s":"BTCUSDT","a":2751805992,"p":"37590.80000000","q":"0.00532000","f":3274449442,"l":3274449442,"T":1699543356106,"m":true,"M":true}
INFO - 389 - 2023-11-09_20-52-35 - {"e":"aggTrade","E":1699543356107,"s":"BTCUSDT","a":2751805993,"p":"37590.61000000","q":"0.00027000","f":3274449443,"l":3274449443,"T":1699543356106,"m":true,"M":true}
INFO - 389 - 2023-11-09_20-52-35 - {"e":"aggTrade","E":1699543356107,"s":"BTCUSDT","a":2751805994,"p":"37590.00000000","q":"0.07200000","f":3274449444,"l":3274449445,"T":1699543356106,"m":true,"M":true}
INFO - 401 - 2023-11-09_20-52-35 - {"e":"aggTrade","E":1699543356113,"s":"BTCUSDT","a":2751805995,"p":"37589.76000000","q":"0.02107000","f":3274449446,"l":3274449446,"T":1699543356112,"m":false,"M":true}
INFO - 406 - 2023-11-09_20-52-35 - {"e":"aggTrade","E":1699543356152,"s":"ETHUSDT","a":955173683,"p":"2037.03000000","q":"0.08900000","f":1227025709,"l":1227025709,"T":1699543356151,"m":true,"M":true}
INFO - 417 - 2023-11-09_20-52-35 - {"e":"aggTrade","E":1699543356142,"s":"BTCUSDT","a":2751805996,"p":"37589.76000000","q":"0.00031000","f":3274449447,"l":3274449447,"T":1699543356141,"m":false,"M":true}
INFO - 419 - 2023-11-09_20-52-35 - {"e":"aggTrade","E":1699543356154,"s":"ETHUSDT","a":955173684,"p":"2037.01000000","q":"0.04900000","f":1227025710,"l":1227025710,"T":1699543356153,"m":false,"M":true}
INFO - 423 - 2023-11-09_20-52-35 - {"e":"aggTrade","E":1699543356158,"s":"ETHUSDT","a":955173685,"p":"2037.00000000","q":"0.00400000","f":1227025711,"l":1227025711,"T":1699543356157,"m":true,"M":true}
INFO - 438 - 2023-11-09_20-52-35 - {"e":"aggTrade","E":1699543356161,"s":"BTCUSDT","a":2751805997,"p":"37589.75000000","q":"0.00090000","f":3274449448,"l":3274449449,"T":1699543356160,"m":true,"M":true}
INFO - 438 - 2023-11-09_20-52-35 - {"e":"aggTrade","E":1699543356176,"s":"XRPUSDT","a":399206678,"p":"0.69730000","q":"716.00000000","f":563609728,"l":563609729,"T":1699543356175,"m":false,"M":true}
INFO - 453 - 2023-11-09_20-52-35 - {"e":"aggTrade","E":1699543356161,"s":"BTCUSDT","a":2751805998,"p":"37589.75000000","q":"0.00090000","f":3274449450,"l":3274449450,"T":1699543356160,"m":true,"M":true}
INFO - 454 - 2023-11-09_20-52-35 - {"e":"aggTrade","E":1699543356190,"s":"XRPUSDT","a":399206679,"p":"0.69730000","q":"385.00000000","f":563609730,"l":563609730,"T":1699543356190,"m":false,"M":true}
INFO - 454 - 2023-11-09_20-52-35 - {"e":"aggTrade","E":1699543356167,"s":"BTCUSDT","a":2751805999,"p":"37588.85000000","q":"0.00113000","f":3274449451,"l":3274449451,"T":1699543356167,"m":true,"M":true}
INFO - 535 - 2023-11-09_20-52-35 - {"e":"aggTrade","E":1699543356253,"s":"ETHUSDT","a":955173686,"p":"2036.72000000","q":"0.43500000","f":1227025712,"l":1227025713,"T":1699543356252,"m":false,"M":true}
INFO - 541 - 2023-11-09_20-52-35 - {"e":"aggTrade","E":1699543356285,"s":"ETHUSDT","a":955173687,"p":"2036.71000000","q":"0.34970000","f":1227025714,"l":1227025714,"T":1699543356282,"m":true,"M":true}
INFO - 553 - 2023-11-09_20-52-35 - {"e":"aggTrade","E":1699543356286,"s":"ETHUSDT","a":955173688,"p":"2036.71000000","q":"0.01750000","f":1227025715,"l":1227025715,"T":1699543356285,"m":true,"M":true}
INFO - 555 - 2023-11-09_20-52-35 - {"e":"aggTrade","E":1699543356286,"s":"ETHUSDT","a":955173689,"p":"2036.71000000","q":"1.64900000","f":1227025716,"l":1227025717,"T":1699543356285,"m":true,"M":true}
INFO - 556 - 2023-11-09_20-52-35 - {"e":"aggTrade","E":1699543356287,"s":"BTCUSDT","a":2751806000,"p":"37588.86000000","q":"0.00133000","f":3274449452,"l":3274449452,"T":1699543356285,"m":false,"M":true}
INFO - 604 - 2023-11-09_20-52-35 - {"e":"aggTrade","E":1699543356340,"s":"XRPUSDT","a":399206680,"p":"0.69720000","q":"27.00000000","f":563609731,"l":563609731,"T":1699543356340,"m":true,"M":true}
INFO - 606 - 2023-11-09_20-52-35 - {"e":"aggTrade","E":1699543356351,"s":"ETHUSDT","a":955173690,"p":"2036.70000000","q":"3.44550000","f":1227025718,"l":1227025719,"T":1699543356351,"m":true,"M":true}
INFO - 640 - 2023-11-09_20-52-35 - {"e":"aggTrade","E":1699543356353,"s":"BTCUSDT","a":2751806001,"p":"37588.85000000","q":"0.00017000","f":3274449453,"l":3274449453,"T":1699543356352,"m":true,"M":true}
INFO - 656 - 2023-11-09_20-52-35 - {"e":"aggTrade","E":1699543356384,"s":"BTCUSDT","a":2751806002,"p":"37588.86000000","q":"0.00214000","f":3274449454,"l":3274449454,"T":1699543356383,"m":false,"M":true}
INFO - 684 - 2023-11-09_20-52-35 - {"e":"aggTrade","E":1699543356421,"s":"ETHUSDT","a":955173691,"p":"2036.70000000","q":"0.05840000","f":1227025720,"l":1227025720,"T":1699543356420,"m":true,"M":true}
INFO - 723 - 2023-11-09_20-52-35 - {"e":"aggTrade","E":1699543356466,"s":"ETHUSDT","a":955173692,"p":"2036.70000000","q":"0.01000000","f":1227025721,"l":1227025721,"T":1699543356466,"m":true,"M":true}
INFO - 757 - 2023-11-09_20-52-35 - {"e":"aggTrade","E":1699543356501,"s":"ETHUSDT","a":955173693,"p":"2036.71000000","q":"0.43500000","f":1227025722,"l":1227025722,"T":1699543356500,"m":false,"M":true}
INFO - 784 - 2023-11-09_20-52-35 - {"e":"aggTrade","E":1699543356508,"s":"BTCUSDT","a":2751806003,"p":"37588.85000000","q":"0.00907000","f":3274449455,"l":3274449455,"T":1699543356507,"m":true,"M":true}
INFO - 905 - 2023-11-09_20-52-35 - {"e":"aggTrade","E":1699543356650,"s":"ETHUSDT","a":955173694,"p":"2036.70000000","q":"0.05650000","f":1227025723,"l":1227025723,"T":1699543356650,"m":true,"M":true}
INFO - 917 - 2023-11-09_20-52-35 - {"e":"aggTrade","E":1699543356654,"s":"ETHUSDT","a":955173695,"p":"2036.71000000","q":"0.88300000","f":1227025724,"l":1227025724,"T":1699543356654,"m":false,"M":true}
INFO - 934 - 2023-11-09_20-52-35 - {"e":"aggTrade","E":1699543356656,"s":"BTCUSDT","a":2751806004,"p":"37588.86000000","q":"0.00113000","f":3274449456,"l":3274449456,"T":1699543356655,"m":false,"M":true}
INFO - 956 - 2023-11-09_20-52-35 - {"e":"aggTrade","E":1699543356686,"s":"BTCUSDT","a":2751806005,"p":"37588.85000000","q":"0.00082000","f":3274449457,"l":3274449457,"T":1699543356685,"m":true,"M":true}
INFO - 969 - 2023-11-09_20-52-35 - {"e":"aggTrade","E":1699543356705,"s":"ETHUSDT","a":955173696,"p":"2036.71000000","q":"0.40480000","f":1227025725,"l":1227025727,"T":1699543356704,"m":false,"M":true}
INFO - 986 - 2023-11-09_20-52-35 - {"e":"aggTrade","E":1699543356724,"s":"ETHUSDT","a":955173697,"p":"2036.71000000","q":"0.28700000","f":1227025728,"l":1227025728,"T":1699543356724,"m":false,"M":true}
INFO - 20 - 2023-11-09_20-52-36 - {"e":"aggTrade","E":1699543356744,"s":"BTCUSDT","a":2751806006,"p":"37588.85000000","q":"0.00027000","f":3274449458,"l":3274449458,"T":1699543356744,"m":true,"M":true}
INFO - 23 - 2023-11-09_20-52-36 - {"e":"aggTrade","E":1699543356764,"s":"ETHUSDT","a":955173698,"p":"2036.71000000","q":"0.43500000","f":1227025729,"l":1227025729,"T":1699543356764,"m":false,"M":true}
INFO - 90 - 2023-11-09_20-52-36 - {"e":"aggTrade","E":1699543356829,"s":"ETHUSDT","a":955173699,"p":"2036.71000000","q":"0.30490000","f":1227025730,"l":1227025730,"T":1699543356828,"m":false,"M":true}
INFO - 105 - 2023-11-09_20-52-36 - {"e":"aggTrade","E":1699543356840,"s":"ETHUSDT","a":955173700,"p":"2036.70000000","q":"0.29510000","f":1227025731,"l":1227025731,"T":1699543356840,"m":true,"M":true}
INFO - 123 - 2023-11-09_20-52-36 - {"e":"aggTrade","E":1699543356850,"s":"BTCUSDT","a":2751806007,"p":"37588.86000000","q":"0.00015000","f":3274449459,"l":3274449459,"T":1699543356850,"m":false,"M":true}
INFO - 123 - 2023-11-09_20-52-36 - {"e":"aggTrade","E":1699543356853,"s":"BTCUSDT","a":2751806008,"p":"37588.85000000","q":"0.08182000","f":3274449460,"l":3274449461,"T":1699543356852,"m":true,"M":true}
INFO - 137 - 2023-11-09_20-52-36 - {"e":"aggTrade","E":1699543356853,"s":"BTCUSDT","a":2751806009,"p":"37588.11000000","q":"0.20693000","f":3274449462,"l":3274449463,"T":1699543356852,"m":true,"M":true}
INFO - 138 - 2023-11-09_20-52-36 - {"e":"aggTrade","E":1699543356853,"s":"BTCUSDT","a":2751806010,"p":"37588.10000000","q":"0.00500000","f":3274449464,"l":3274449464,"T":1699543356852,"m":true,"M":true}
INFO - 153 - 2023-11-09_20-52-36 - {"e":"aggTrade","E":1699543356878,"s":"BTCUSDT","a":2751806011,"p":"37588.02000000","q":"0.01496000","f":3274449465,"l":3274449465,"T":1699543356877,"m":false,"M":true}
INFO - 167 - 2023-11-09_20-52-36 - {"e":"aggTrade","E":1699543356887,"s":"BTCUSDT","a":2751806012,"p":"37588.01000000","q":"0.07715000","f":3274449466,"l":3274449466,"T":1699543356886,"m":true,"M":true}
INFO - 172 - 2023-11-09_20-52-36 - {"e":"aggTrade","E":1699543356887,"s":"BTCUSDT","a":2751806013,"p":"37588.00000000","q":"0.52114000","f":3274449467,"l":3274449467,"T":1699543356886,"m":true,"M":true}
INFO - 175 - 2023-11-09_20-52-36 - {"e":"aggTrade","E":1699543356887,"s":"BTCUSDT","a":2751806014,"p":"37588.00000000","q":"0.13187000","f":3274449468,"l":3274449468,"T":1699543356886,"m":true,"M":true}
INFO - 176 - 2023-11-09_20-52-36 - {"e":"aggTrade","E":1699543356887,"s":"BTCUSDT","a":2751806015,"p":"37588.00000000","q":"0.08180000","f":3274449469,"l":3274449469,"T":1699543356886,"m":true,"M":true}
INFO - 176 - 2023-11-09_20-52-36 - {"e":"aggTrade","E":1699543356897,"s":"XRPUSDT","a":399206681,"p":"0.69730000","q":"22.00000000","f":563609732,"l":563609732,"T":1699543356896,"m":false,"M":true}
INFO - 176 - 2023-11-09_20-52-36 - {"e":"aggTrade","E":1699543356887,"s":"BTCUSDT","a":2751806016,"p":"37588.00000000","q":"0.09547000","f":3274449470,"l":3274449470,"T":1699543356886,"m":true,"M":true}
INFO - 176 - 2023-11-09_20-52-36 - {"e":"aggTrade","E":1699543356887,"s":"BTCUSDT","a":2751806017,"p":"37588.00000000","q":"0.28890000","f":3274449471,"l":3274449471,"T":1699543356886,"m":true,"M":true}
INFO - 176 - 2023-11-09_20-52-36 - {"e":"aggTrade","E":1699543356888,"s":"BTCUSDT","a":2751806018,"p":"37588.00000000","q":"0.09015000","f":3274449472,"l":3274449472,"T":1699543356887,"m":true,"M":true}
INFO - 185 - 2023-11-09_20-52-36 - {"e":"aggTrade","E":1699543356888,"s":"BTCUSDT","a":2751806019,"p":"37588.00000000","q":"0.09364000","f":3274449473,"l":3274449473,"T":1699543356887,"m":true,"M":true}
INFO - 188 - 2023-11-09_20-52-36 - {"e":"aggTrade","E":1699543356890,"s":"ETHUSDT","a":955173701,"p":"2036.70000000","q":"0.02500000","f":1227025732,"l":1227025733,"T":1699543356889,"m":true,"M":true}
INFO - 188 - 2023-11-09_20-52-36 - {"e":"aggTrade","E":1699543356898,"s":"XRPUSDT","a":399206682,"p":"0.69730000","q":"22.00000000","f":563609733,"l":563609733,"T":1699543356898,"m":false,"M":true}
INFO - 189 - 2023-11-09_20-52-36 - {"e":"aggTrade","E":1699543356893,"s":"ETHUSDT","a":955173702,"p":"2036.59000000","q":"0.01400000","f":1227025734,"l":1227025735,"T":1699543356892,"m":true,"M":true}
INFO - 190 - 2023-11-09_20-52-36 - {"e":"aggTrade","E":1699543356905,"s":"XRPUSDT","a":399206683,"p":"0.69730000","q":"22.00000000","f":563609734,"l":563609734,"T":1699543356904,"m":false,"M":true}
INFO - 191 - 2023-11-09_20-52-36 - {"e":"aggTrade","E":1699543356893,"s":"ETHUSDT","a":955173703,"p":"2036.48000000","q":"0.00100000","f":1227025736,"l":1227025736,"T":1699543356892,"m":true,"M":true}
INFO - 191 - 2023-11-09_20-52-36 - {"e":"aggTrade","E":1699543356903,"s":"ETHUSDT","a":955173704,"p":"2036.42000000","q":"0.03320000","f":1227025737,"l":1227025738,"T":1699543356902,"m":true,"M":true}
INFO - 191 - 2023-11-09_20-52-36 - {"e":"aggTrade","E":1699543356906,"s":"ETHUSDT","a":955173705,"p":"2036.42000000","q":"0.03320000","f":1227025739,"l":1227025739,"T":1699543356905,"m":true,"M":true}
INFO - 191 - 2023-11-09_20-52-36 - {"e":"aggTrade","E":1699543356888,"s":"BTCUSDT","a":2751806020,"p":"37588.00000000","q":"0.36238000","f":3274449474,"l":3274449474,"T":1699543356887,"m":true,"M":true}
INFO - 191 - 2023-11-09_20-52-36 - {"e":"aggTrade","E":1699543356891,"s":"BTCUSDT","a":2751806021,"p":"37588.00000000","q":"0.10205000","f":3274449475,"l":3274449475,"T":1699543356889,"m":true,"M":true}
INFO - 191 - 2023-11-09_20-52-36 - {"e":"aggTrade","E":1699543356919,"s":"ETHUSDT","a":955173706,"p":"2036.41000000","q":"0.01950000","f":1227025740,"l":1227025741,"T":1699543356918,"m":true,"M":true}
INFO - 191 - 2023-11-09_20-52-36 - {"e":"aggTrade","E":1699543356891,"s":"BTCUSDT","a":2751806022,"p":"37588.00000000","q":"0.18944000","f":3274449476,"l":3274449476,"T":1699543356889,"m":true,"M":true}
INFO - 191 - 2023-11-09_20-52-36 - {"e":"aggTrade","E":1699543356923,"s":"ETHUSDT","a":955173707,"p":"2036.41000000","q":"0.00300000","f":1227025742,"l":1227025742,"T":1699543356922,"m":true,"M":true}
INFO - 191 - 2023-11-09_20-52-36 - {"e":"aggTrade","E":1699543356891,"s":"BTCUSDT","a":2751806023,"p":"37588.00000000","q":"2.44602000","f":3274449477,"l":3274449477,"T":1699543356889,"m":true,"M":true}
INFO - 202 - 2023-11-09_20-52-36 - {"e":"aggTrade","E":1699543356923,"s":"ETHUSDT","a":955173708,"p":"2036.39000000","q":"0.23290000","f":1227025743,"l":1227025744,"T":1699543356922,"m":true,"M":true}
INFO - 202 - 2023-11-09_20-52-36 - {"e":"aggTrade","E":1699543356927,"s":"XRPUSDT","a":399206684,"p":"0.69730000","q":"22.00000000","f":563609735,"l":563609735,"T":1699543356926,"m":false,"M":true}
INFO - 203 - 2023-11-09_20-52-36 - {"e":"aggTrade","E":1699543356892,"s":"BTCUSDT","a":2751806024,"p":"37588.00000000","q":"0.08957000","f":3274449478,"l":3274449478,"T":1699543356890,"m":true,"M":true}
INFO - 204 - 2023-11-09_20-52-36 - {"e":"aggTrade","E":1699543356923,"s":"ETHUSDT","a":955173709,"p":"2036.38000000","q":"0.01470000","f":1227025745,"l":1227025745,"T":1699543356922,"m":true,"M":true}
INFO - 205 - 2023-11-09_20-52-36 - {"e":"aggTrade","E":1699543356895,"s":"BTCUSDT","a":2751806025,"p":"37588.00000000","q":"0.15107000","f":3274449479,"l":3274449479,"T":1699543356895,"m":true,"M":true}
INFO - 206 - 2023-11-09_20-52-36 - {"e":"aggTrade","E":1699543356923,"s":"ETHUSDT","a":955173710,"p":"2036.30000000","q":"0.73130000","f":1227025746,"l":1227025746,"T":1699543356922,"m":true,"M":true}
INFO - 207 - 2023-11-09_20-52-36 - {"e":"aggTrade","E":1699543356896,"s":"BTCUSDT","a":2751806026,"p":"37588.00000000","q":"0.16271000","f":3274449480,"l":3274449480,"T":1699543356896,"m":true,"M":true}
INFO - 208 - 2023-11-09_20-52-36 - {"e":"aggTrade","E":1699543356897,"s":"BTCUSDT","a":2751806027,"p":"37588.00000000","q":"0.46930000","f":3274449481,"l":3274449481,"T":1699543356896,"m":true,"M":true}
INFO - 208 - 2023-11-09_20-52-36 - {"e":"aggTrade","E":1699543356899,"s":"BTCUSDT","a":2751806028,"p":"37588.00000000","q":"0.08453000","f":3274449482,"l":3274449482,"T":1699543356898,"m":true,"M":true}
INFO - 208 - 2023-11-09_20-52-36 - {"e":"aggTrade","E":1699543356899,"s":"BTCUSDT","a":2751806029,"p":"37588.00000000","q":"0.00216000","f":3274449483,"l":3274449483,"T":1699543356899,"m":true,"M":true}
INFO - 208 - 2023-11-09_20-52-36 - {"e":"aggTrade","E":1699543356900,"s":"BTCUSDT","a":2751806030,"p":"37588.00000000","q":"0.26174000","f":3274449484,"l":3274449484,"T":1699543356900,"m":true,"M":true}
INFO - 208 - 2023-11-09_20-52-36 - {"e":"aggTrade","E":1699543356903,"s":"BTCUSDT","a":2751806031,"p":"37588.00000000","q":"0.08867000","f":3274449485,"l":3274449485,"T":1699543356902,"m":true,"M":true}
INFO - 208 - 2023-11-09_20-52-36 - {"e":"aggTrade","E":1699543356904,"s":"BTCUSDT","a":2751806032,"p":"37588.00000000","q":"0.63852000","f":3274449486,"l":3274449486,"T":1699543356904,"m":true,"M":true}
INFO - 208 - 2023-11-09_20-52-36 - {"e":"aggTrade","E":1699543356909,"s":"BTCUSDT","a":2751806033,"p":"37588.00000000","q":"0.34574000","f":3274449487,"l":3274449487,"T":1699543356908,"m":true,"M":true}
INFO - 208 - 2023-11-09_20-52-36 - {"e":"aggTrade","E":1699543356917,"s":"BTCUSDT","a":2751806034,"p":"37588.00000000","q":"0.36948000","f":3274449488,"l":3274449488,"T":1699543356917,"m":true,"M":true}
INFO - 219 - 2023-11-09_20-52-36 - {"e":"aggTrade","E":1699543356930,"s":"BTCUSDT","a":2751806035,"p":"37588.00000000","q":"0.13389000","f":3274449489,"l":3274449489,"T":1699543356930,"m":true,"M":true}
INFO - 221 - 2023-11-09_20-52-36 - {"e":"aggTrade","E":1699543356932,"s":"BTCUSDT","a":2751806036,"p":"37588.00000000","q":"0.48796000","f":3274449490,"l":3274449490,"T":1699543356931,"m":true,"M":true}
INFO - 222 - 2023-11-09_20-52-36 - {"e":"aggTrade","E":1699543356934,"s":"BTCUSDT","a":2751806037,"p":"37588.00000000","q":"0.13829000","f":3274449491,"l":3274449491,"T":1699543356933,"m":true,"M":true}
INFO - 224 - 2023-11-09_20-52-36 - {"e":"aggTrade","E":1699543356934,"s":"BTCUSDT","a":2751806038,"p":"37588.00000000","q":"0.11310000","f":3274449492,"l":3274449492,"T":1699543356934,"m":true,"M":true}
INFO - 224 - 2023-11-09_20-52-36 - {"e":"aggTrade","E":1699543356938,"s":"BTCUSDT","a":2751806039,"p":"37588.00000000","q":"0.13656000","f":3274449493,"l":3274449493,"T":1699543356938,"m":true,"M":true}
INFO - 224 - 2023-11-09_20-52-36 - {"e":"aggTrade","E":1699543356939,"s":"BTCUSDT","a":2751806040,"p":"37588.00000000","q":"0.17051000","f":3274449494,"l":3274449494,"T":1699543356938,"m":true,"M":true}
INFO - 234 - 2023-11-09_20-52-36 - {"e":"aggTrade","E":1699543356970,"s":"ETHUSDT","a":955173711,"p":"2036.31000000","q":"0.48700000","f":1227025747,"l":1227025747,"T":1699543356969,"m":false,"M":true}
INFO - 256 - 2023-11-09_20-52-36 - {"e":"aggTrade","E":1699543356998,"s":"ETHUSDT","a":955173712,"p":"2036.31000000","q":"0.49100000","f":1227025748,"l":1227025748,"T":1699543356998,"m":false,"M":true}
INFO - 256 - 2023-11-09_20-52-36 - {"e":"aggTrade","E":1699543357003,"s":"ETHUSDT","a":955173713,"p":"2036.40000000","q":"0.01450000","f":1227025749,"l":1227025749,"T":1699543357002,"m":true,"M":true}
INFO - 287 - 2023-11-09_20-52-36 - {"e":"aggTrade","E":1699543357024,"s":"ETHUSDT","a":955173714,"p":"2036.41000000","q":"0.43500000","f":1227025750,"l":1227025750,"T":1699543357023,"m":false,"M":true}
INFO - 323 - 2023-11-09_20-52-36 - {"e":"aggTrade","E":1699543357049,"s":"BTCUSDT","a":2751806041,"p":"37588.01000000","q":"0.00106000","f":3274449495,"l":3274449495,"T":1699543357048,"m":false,"M":true}
INFO - 323 - 2023-11-09_20-52-36 - {"e":"aggTrade","E":1699543357049,"s":"BTCUSDT","a":2751806042,"p":"37588.00000000","q":"0.99999000","f":3274449496,"l":3274449496,"T":1699543357048,"m":true,"M":true}
INFO - 323 - 2023-11-09_20-52-36 - {"e":"aggTrade","E":1699543357058,"s":"XRPUSDT","a":399206685,"p":"0.69720000","q":"1340.00000000","f":563609736,"l":563609738,"T":1699543357057,"m":true,"M":true}
INFO - 323 - 2023-11-09_20-52-36 - {"e":"aggTrade","E":1699543357050,"s":"BTCUSDT","a":2751806043,"p":"37588.00000000","q":"0.01434000","f":3274449497,"l":3274449497,"T":1699543357049,"m":true,"M":true}
INFO - 336 - 2023-11-09_20-52-36 - {"e":"aggTrade","E":1699543357060,"s":"ETHUSDT","a":955173715,"p":"2036.40000000","q":"0.76270000","f":1227025751,"l":1227025751,"T":1699543357059,"m":true,"M":true}
INFO - 340 - 2023-11-09_20-52-36 - {"e":"aggTrade","E":1699543357064,"s":"ETHUSDT","a":955173716,"p":"2036.40000000","q":"0.07430000","f":1227025752,"l":1227025752,"T":1699543357063,"m":true,"M":true}
INFO - 340 - 2023-11-09_20-52-36 - {"e":"aggTrade","E":1699543357068,"s":"ETHUSDT","a":955173717,"p":"2036.41000000","q":"0.00730000","f":1227025753,"l":1227025753,"T":1699543357067,"m":false,"M":true}
INFO - 340 - 2023-11-09_20-52-36 - {"e":"aggTrade","E":1699543357066,"s":"BTCUSDT","a":2751806044,"p":"37588.00000000","q":"0.01129000","f":3274449498,"l":3274449498,"T":1699543357065,"m":true,"M":true}
INFO - 340 - 2023-11-09_20-52-36 - {"e":"aggTrade","E":1699543357068,"s":"BTCUSDT","a":2751806045,"p":"37588.00000000","q":"0.00102000","f":3274449499,"l":3274449499,"T":1699543357067,"m":true,"M":true}
INFO - 354 - 2023-11-09_20-52-36 - {"e":"aggTrade","E":1699543357092,"s":"ETHUSDT","a":955173718,"p":"2036.20000000","q":"0.01490000","f":1227025754,"l":1227025754,"T":1699543357091,"m":false,"M":true}
INFO - 373 - 2023-11-09_20-52-36 - {"e":"aggTrade","E":1699543357109,"s":"ETHUSDT","a":955173719,"p":"2036.13000000","q":"0.08300000","f":1227025755,"l":1227025755,"T":1699543357108,"m":false,"M":true}
INFO - 417 - 2023-11-09_20-52-36 - {"e":"aggTrade","E":1699543357142,"s":"BTCUSDT","a":2751806046,"p":"37588.00000000","q":"0.01013000","f":3274449500,"l":3274449500,"T":1699543357141,"m":true,"M":true}
INFO - 421 - 2023-11-09_20-52-36 - {"e":"aggTrade","E":1699543357147,"s":"BTCUSDT","a":2751806047,"p":"37588.00000000","q":"0.00988000","f":3274449501,"l":3274449501,"T":1699543357146,"m":true,"M":true}
INFO - 452 - 2023-11-09_20-52-36 - {"e":"aggTrade","E":1699543357183,"s":"XRPUSDT","a":399206686,"p":"0.69730000","q":"108.00000000","f":563609739,"l":563609739,"T":1699543357182,"m":false,"M":true}
INFO - 506 - 2023-11-09_20-52-36 - {"e":"aggTrade","E":1699543357234,"s":"BTCUSDT","a":2751806048,"p":"37588.00000000","q":"0.99999000","f":3274449502,"l":3274449502,"T":1699543357233,"m":true,"M":true}
INFO - 522 - 2023-11-09_20-52-36 - {"e":"aggTrade","E":1699543357263,"s":"ETHUSDT","a":955173720,"p":"2036.07000000","q":"0.08600000","f":1227025756,"l":1227025756,"T":1699543357262,"m":false,"M":true}
INFO - 522 - 2023-11-09_20-52-36 - {"e":"aggTrade","E":1699543357266,"s":"ETHUSDT","a":955173721,"p":"2036.07000000","q":"0.43500000","f":1227025757,"l":1227025757,"T":1699543357265,"m":false,"M":true}
INFO - 553 - 2023-11-09_20-52-36 - {"e":"aggTrade","E":1699543357288,"s":"ETHUSDT","a":955173722,"p":"2036.07000000","q":"0.48900000","f":1227025758,"l":1227025758,"T":1699543357287,"m":false,"M":true}
INFO - 588 - 2023-11-09_20-52-36 - {"e":"aggTrade","E":1699543357297,"s":"ETHUSDT","a":955173723,"p":"2036.07000000","q":"0.20060000","f":1227025759,"l":1227025759,"T":1699543357296,"m":false,"M":true}
INFO - 623 - 2023-11-09_20-52-36 - {"e":"aggTrade","E":1699543357354,"s":"BTCUSDT","a":2751806049,"p":"37588.00000000","q":"0.00284000","f":3274449503,"l":3274449503,"T":1699543357353,"m":true,"M":true}
INFO - 639 - 2023-11-09_20-52-36 - {"e":"aggTrade","E":1699543357383,"s":"ETHUSDT","a":955173724,"p":"2036.07000000","q":"0.68940000","f":1227025760,"l":1227025760,"T":1699543357382,"m":false,"M":true}
INFO - 639 - 2023-11-09_20-52-36 - {"e":"aggTrade","E":1699543357383,"s":"ETHUSDT","a":955173725,"p":"2036.18000000","q":"3.68750000","f":1227025761,"l":1227025761,"T":1699543357382,"m":false,"M":true}
INFO - 639 - 2023-11-09_20-52-36 - {"e":"aggTrade","E":1699543357383,"s":"ETHUSDT","a":955173726,"p":"2036.19000000","q":"4.85450000","f":1227025762,"l":1227025762,"T":1699543357382,"m":false,"M":true}
INFO - 639 - 2023-11-09_20-52-36 - {"e":"aggTrade","E":1699543357383,"s":"ETHUSDT","a":955173727,"p":"2036.20000000","q":"0.78140000","f":1227025763,"l":1227025763,"T":1699543357382,"m":false,"M":true}
INFO - 639 - 2023-11-09_20-52-36 - {"e":"aggTrade","E":1699543357386,"s":"ETHUSDT","a":955173728,"p":"2036.19000000","q":"2.68660000","f":1227025764,"l":1227025765,"T":1699543357386,"m":true,"M":true}
INFO - 650 - 2023-11-09_20-52-36 - {"e":"aggTrade","E":1699543357386,"s":"ETHUSDT","a":955173729,"p":"2036.07000000","q":"1.09720000","f":1227025766,"l":1227025766,"T":1699543357386,"m":true,"M":true}
INFO - 689 - 2023-11-09_20-52-36 - {"e":"aggTrade","E":1699543357421,"s":"BTCUSDT","a":2751806050,"p":"37588.00000000","q":"0.00160000","f":3274449504,"l":3274449504,"T":1699543357420,"m":true,"M":true}
INFO - 723 - 2023-11-09_20-52-36 - {"e":"aggTrade","E":1699543357463,"s":"ETHUSDT","a":955173730,"p":"2036.20000000","q":"0.01000000","f":1227025767,"l":1227025767,"T":1699543357462,"m":false,"M":true}
INFO - 739 - 2023-11-09_20-52-36 - {"e":"aggTrade","E":1699543357475,"s":"ETHUSDT","a":955173731,"p":"2036.19000000","q":"0.03500000","f":1227025768,"l":1227025768,"T":1699543357475,"m":true,"M":true}
INFO - 739 - 2023-11-09_20-52-36 - {"e":"aggTrade","E":1699543357480,"s":"ETHUSDT","a":955173732,"p":"2036.20000000","q":"0.05450000","f":1227025769,"l":1227025769,"T":1699543357479,"m":false,"M":true}
INFO - 739 - 2023-11-09_20-52-36 - {"e":"aggTrade","E":1699543357483,"s":"XRPUSDT","a":399206687,"p":"0.69730000","q":"143.00000000","f":563609740,"l":563609741,"T":1699543357482,"m":false,"M":true}
INFO - 759 - 2023-11-09_20-52-36 - {"e":"aggTrade","E":1699543357482,"s":"BTCUSDT","a":2751806051,"p":"37588.00000000","q":"0.02329000","f":3274449505,"l":3274449505,"T":1699543357482,"m":true,"M":true}
INFO - 759 - 2023-11-09_20-52-36 - {"e":"aggTrade","E":1699543357496,"s":"ETHUSDT","a":955173733,"p":"2036.20000000","q":"0.49200000","f":1227025770,"l":1227025770,"T":1699543357495,"m":false,"M":true}
INFO - 759 - 2023-11-09_20-52-36 - {"e":"aggTrade","E":1699543357483,"s":"BTCUSDT","a":2751806052,"p":"37588.00000000","q":"0.01605000","f":3274449506,"l":3274449506,"T":1699543357482,"m":true,"M":true}
INFO - 759 - 2023-11-09_20-52-36 - {"e":"aggTrade","E":1699543357488,"s":"BTCUSDT","a":2751806053,"p":"37588.00000000","q":"0.00295000","f":3274449507,"l":3274449507,"T":1699543357488,"m":true,"M":true}
INFO - 775 - 2023-11-09_20-52-36 - {"e":"aggTrade","E":1699543357511,"s":"ETHUSDT","a":955173734,"p":"2036.20000000","q":"1.23090000","f":1227025771,"l":1227025772,"T":1699543357510,"m":false,"M":true}
INFO - 775 - 2023-11-09_20-52-36 - {"e":"aggTrade","E":1699543357511,"s":"ETHUSDT","a":955173735,"p":"2036.21000000","q":"8.76910000","f":1227025773,"l":1227025773,"T":1699543357510,"m":false,"M":true}
INFO - 775 - 2023-11-09_20-52-36 - {"e":"aggTrade","E":1699543357503,"s":"BTCUSDT","a":2751806054,"p":"37588.01000000","q":"0.00385000","f":3274449508,"l":3274449508,"T":1699543357503,"m":false,"M":true}
INFO - 790 - 2023-11-09_20-52-36 - {"e":"aggTrade","E":1699543357528,"s":"ETHUSDT","a":955173736,"p":"2036.24000000","q":"0.04070000","f":1227025774,"l":1227025774,"T":1699543357527,"m":false,"M":true}
INFO - 806 - 2023-11-09_20-52-36 - {"e":"aggTrade","E":1699543357541,"s":"ETHUSDT","a":955173737,"p":"2036.24000000","q":"0.49110000","f":1227025775,"l":1227025775,"T":1699543357541,"m":false,"M":true}
INFO - 820 - 2023-11-09_20-52-36 - {"e":"aggTrade","E":1699543357555,"s":"ETHUSDT","a":955173738,"p":"2036.23000000","q":"0.00490000","f":1227025776,"l":1227025776,"T":1699543357554,"m":true,"M":true}
INFO - 872 - 2023-11-09_20-52-36 - {"e":"aggTrade","E":1699543357608,"s":"ETHUSDT","a":955173739,"p":"2036.35000000","q":"9.90110000","f":1227025777,"l":1227025781,"T":1699543357606,"m":true,"M":true}
INFO - 872 - 2023-11-09_20-52-36 - {"e":"aggTrade","E":1699543357608,"s":"ETHUSDT","a":955173740,"p":"2036.24000000","q":"1.96150000","f":1227025782,"l":1227025782,"T":1699543357606,"m":true,"M":true}
INFO - 872 - 2023-11-09_20-52-36 - {"e":"aggTrade","E":1699543357608,"s":"ETHUSDT","a":955173741,"p":"2036.23000000","q":"1.28330000","f":1227025783,"l":1227025783,"T":1699543357606,"m":true,"M":true}
INFO - 872 - 2023-11-09_20-52-36 - {"e":"aggTrade","E":1699543357608,"s":"ETHUSDT","a":955173742,"p":"2036.21000000","q":"6.11340000","f":1227025784,"l":1227025784,"T":1699543357606,"m":true,"M":true}
INFO - 872 - 2023-11-09_20-52-36 - {"e":"aggTrade","E":1699543357608,"s":"ETHUSDT","a":955173743,"p":"2036.20000000","q":"12.43410000","f":1227025785,"l":1227025785,"T":1699543357606,"m":true,"M":true}
INFO - 872 - 2023-11-09_20-52-36 - {"e":"aggTrade","E":1699543357608,"s":"ETHUSDT","a":955173744,"p":"2036.19000000","q":"2.59410000","f":1227025786,"l":1227025787,"T":1699543357606,"m":true,"M":true}
INFO - 872 - 2023-11-09_20-52-36 - {"e":"aggTrade","E":1699543357608,"s":"ETHUSDT","a":955173745,"p":"2036.06000000","q":"0.20160000","f":1227025788,"l":1227025788,"T":1699543357606,"m":true,"M":true}
INFO - 872 - 2023-11-09_20-52-36 - {"e":"aggTrade","E":1699543357608,"s":"ETHUSDT","a":955173746,"p":"2036.04000000","q":"0.00400000","f":1227025789,"l":1227025789,"T":1699543357606,"m":true,"M":true}
INFO - 883 - 2023-11-09_20-52-36 - {"e":"aggTrade","E":1699543357608,"s":"ETHUSDT","a":955173747,"p":"2036.02000000","q":"0.04910000","f":1227025790,"l":1227025790,"T":1699543357606,"m":true,"M":true}
INFO - 885 - 2023-11-09_20-52-36 - {"e":"aggTrade","E":1699543357608,"s":"ETHUSDT","a":955173748,"p":"2036.01000000","q":"3.00020000","f":1227025791,"l":1227025793,"T":1699543357606,"m":true,"M":true}
INFO - 886 - 2023-11-09_20-52-36 - {"e":"aggTrade","E":1699543357608,"s":"ETHUSDT","a":955173749,"p":"2036.00000000","q":"4.91020000","f":1227025794,"l":1227025795,"T":1699543357606,"m":true,"M":true}
INFO - 887 - 2023-11-09_20-52-36 - {"e":"aggTrade","E":1699543357608,"s":"ETHUSDT","a":955173750,"p":"2035.95000000","q":"0.00490000","f":1227025796,"l":1227025796,"T":1699543357606,"m":true,"M":true}
INFO - 889 - 2023-11-09_20-52-36 - {"e":"aggTrade","E":1699543357608,"s":"ETHUSDT","a":955173751,"p":"2035.84000000","q":"0.79280000","f":1227025797,"l":1227025799,"T":1699543357606,"m":true,"M":true}
INFO - 890 - 2023-11-09_20-52-36 - {"e":"aggTrade","E":1699543357608,"s":"ETHUSDT","a":955173752,"p":"2035.82000000","q":"0.01220000","f":1227025800,"l":1227025800,"T":1699543357606,"m":true,"M":true}
INFO - 891 - 2023-11-09_20-52-36 - {"e":"aggTrade","E":1699543357608,"s":"ETHUSDT","a":955173753,"p":"2035.75000000","q":"1.01190000","f":1227025801,"l":1227025801,"T":1699543357606,"m":true,"M":true}
INFO - 892 - 2023-11-09_20-52-36 - {"e":"aggTrade","E":1699543357608,"s":"ETHUSDT","a":955173754,"p":"2035.73000000","q":"2.21320000","f":1227025802,"l":1227025803,"T":1699543357606,"m":true,"M":true}
INFO - 892 - 2023-11-09_20-52-36 - {"e":"aggTrade","E":1699543357608,"s":"ETHUSDT","a":955173755,"p":"2035.67000000","q":"0.57670000","f":1227025804,"l":1227025804,"T":1699543357606,"m":true,"M":true}
INFO - 892 - 2023-11-09_20-52-36 - {"e":"aggTrade","E":1699543357622,"s":"ETHUSDT","a":955173756,"p":"2036.31000000","q":"1.68660000","f":1227025805,"l":1227025805,"T":1699543357621,"m":false,"M":true}
INFO - 892 - 2023-11-09_20-52-36 - {"e":"aggTrade","E":1699543357622,"s":"ETHUSDT","a":955173757,"p":"2036.33000000","q":"2.00000000","f":1227025806,"l":1227025807,"T":1699543357621,"m":false,"M":true}
INFO - 903 - 2023-11-09_20-52-36 - {"e":"aggTrade","E":1699543357624,"s":"ETHUSDT","a":955173758,"p":"2036.35000000","q":"0.00980000","f":1227025808,"l":1227025809,"T":1699543357623,"m":false,"M":true}
INFO - 904 - 2023-11-09_20-52-36 - {"e":"aggTrade","E":1699543357624,"s":"ETHUSDT","a":955173759,"p":"2036.36000000","q":"1.49700000","f":1227025810,"l":1227025810,"T":1699543357623,"m":false,"M":true}
INFO - 905 - 2023-11-09_20-52-36 - {"e":"aggTrade","E":1699543357624,"s":"ETHUSDT","a":955173760,"p":"2036.39000000","q":"0.78580000","f":1227025811,"l":1227025812,"T":1699543357623,"m":false,"M":true}
INFO - 906 - 2023-11-09_20-52-36 - {"e":"aggTrade","E":1699543357624,"s":"ETHUSDT","a":955173761,"p":"2036.39000000","q":"0.90580000","f":1227025813,"l":1227025813,"T":1699543357623,"m":false,"M":true}
INFO - 908 - 2023-11-09_20-52-36 - {"e":"aggTrade","E":1699543357624,"s":"ETHUSDT","a":955173762,"p":"2036.43000000","q":"0.01480000","f":1227025814,"l":1227025814,"T":1699543357623,"m":false,"M":true}
INFO - 908 - 2023-11-09_20-52-36 - {"e":"aggTrade","E":1699543357624,"s":"ETHUSDT","a":955173763,"p":"2036.51000000","q":"0.00400000","f":1227025815,"l":1227025815,"T":1699543357623,"m":false,"M":true}
INFO - 908 - 2023-11-09_20-52-36 - {"e":"aggTrade","E":1699543357628,"s":"ETHUSDT","a":955173764,"p":"2036.37000000","q":"0.98000000","f":1227025816,"l":1227025816,"T":1699543357626,"m":false,"M":true}
INFO - 923 - 2023-11-09_20-52-36 - {"e":"aggTrade","E":1699543357648,"s":"BTCUSDT","a":2751806055,"p":"37588.00000000","q":"0.00499000","f":3274449509,"l":3274449509,"T":1699543357647,"m":true,"M":true}
INFO - 923 - 2023-11-09_20-52-36 - {"e":"aggTrade","E":1699543357669,"s":"ETHUSDT","a":955173765,"p":"2036.61000000","q":"1.00820000","f":1227025817,"l":1227025817,"T":1699543357669,"m":false,"M":true}
INFO - 940 - 2023-11-09_20-52-36 - {"e":"aggTrade","E":1699543357670,"s":"BTCUSDT","a":2751806056,"p":"37588.00000000","q":"0.00536000","f":3274449510,"l":3274449510,"T":1699543357669,"m":true,"M":true}
INFO - 952 - 2023-11-09_20-52-36 - {"e":"aggTrade","E":1699543357673,"s":"BTCUSDT","a":2751806057,"p":"37588.01000000","q":"0.00106000","f":3274449511,"l":3274449511,"T":1699543357672,"m":false,"M":true}
INFO - 973 - 2023-11-09_20-52-36 - {"e":"aggTrade","E":1699543357697,"s":"BTCUSDT","a":2751806058,"p":"37588.00000000","q":"0.00081000","f":3274449512,"l":3274449512,"T":1699543357696,"m":true,"M":true}
INFO - 986 - 2023-11-09_20-52-36 - {"e":"aggTrade","E":1699543357708,"s":"BTCUSDT","a":2751806059,"p":"37588.01000000","q":"0.20041000","f":3274449513,"l":3274449515,"T":1699543357707,"m":false,"M":true}
INFO - 989 - 2023-11-09_20-52-36 - {"e":"aggTrade","E":1699543357734,"s":"ETHUSDT","a":955173766,"p":"2036.72000000","q":"0.14430000","f":1227025818,"l":1227025819,"T":1699543357733,"m":false,"M":true}
INFO - 25 - 2023-11-09_20-52-37 - {"e":"aggTrade","E":1699543357750,"s":"BTCUSDT","a":2751806060,"p":"37588.00000000","q":"0.02354000","f":3274449516,"l":3274449516,"T":1699543357749,"m":true,"M":true}
INFO - 38 - 2023-11-09_20-52-37 - {"e":"aggTrade","E":1699543357775,"s":"ETHUSDT","a":955173767,"p":"2036.72000000","q":"2.00000000","f":1227025820,"l":1227025821,"T":1699543357774,"m":false,"M":true}
INFO - 123 - 2023-11-09_20-52-37 - {"e":"aggTrade","E":1699543357851,"s":"BTCUSDT","a":2751806061,"p":"37588.01000000","q":"0.00060000","f":3274449517,"l":3274449517,"T":1699543357851,"m":false,"M":true}
INFO - 272 - 2023-11-09_20-52-37 - {"e":"aggTrade","E":1699543358009,"s":"ETHUSDT","a":955173768,"p":"2036.71000000","q":"0.39300000","f":1227025822,"l":1227025822,"T":1699543358008,"m":true,"M":true}
INFO - 304 - 2023-11-09_20-52-37 - {"e":"aggTrade","E":1699543358026,"s":"BTCUSDT","a":2751806062,"p":"37588.00000000","q":"1.58602000","f":3274449518,"l":3274449518,"T":1699543358025,"m":true,"M":true}
INFO - 312 - 2023-11-09_20-52-37 - {"e":"aggTrade","E":1699543358026,"s":"BTCUSDT","a":2751806063,"p":"37588.00000000","q":"0.52917000","f":3274449519,"l":3274449519,"T":1699543358025,"m":true,"M":true}
INFO - 313 - 2023-11-09_20-52-37 - {"e":"aggTrade","E":1699543358027,"s":"BTCUSDT","a":2751806064,"p":"37588.00000000","q":"1.43592000","f":3274449520,"l":3274449520,"T":1699543358026,"m":true,"M":true}
INFO - 317 - 2023-11-09_20-52-37 - {"e":"aggTrade","E":1699543358029,"s":"BTCUSDT","a":2751806065,"p":"37588.00000000","q":"0.34574000","f":3274449521,"l":3274449521,"T":1699543358028,"m":true,"M":true}
INFO - 337 - 2023-11-09_20-52-37 - {"e":"aggTrade","E":1699543358074,"s":"ETHUSDT","a":955173769,"p":"2036.72000000","q":"0.05000000","f":1227025823,"l":1227025823,"T":1699543358074,"m":false,"M":true}
INFO - 373 - 2023-11-09_20-52-37 - {"e":"aggTrade","E":1699543358102,"s":"XRPUSDT","a":399206688,"p":"0.69720000","q":"8907.00000000","f":563609742,"l":563609752,"T":1699543358100,"m":true,"M":true}
INFO - 388 - 2023-11-09_20-52-37 - {"e":"aggTrade","E":1699543358133,"s":"XRPUSDT","a":399206689,"p":"0.69720000","q":"2865.00000000","f":563609753,"l":563609754,"T":1699543358133,"m":false,"M":true}
INFO - 453 - 2023-11-09_20-52-37 - {"e":"aggTrade","E":1699543358191,"s":"ETHUSDT","a":955173770,"p":"2036.71000000","q":"0.16500000","f":1227025824,"l":1227025824,"T":1699543358190,"m":true,"M":true}
INFO - 489 - 2023-11-09_20-52-37 - {"e":"aggTrade","E":1699543358235,"s":"ETHUSDT","a":955173771,"p":"2036.72000000","q":"0.00390000","f":1227025825,"l":1227025825,"T":1699543358234,"m":false,"M":true}
INFO - 540 - 2023-11-09_20-52-37 - {"e":"aggTrade","E":1699543358267,"s":"BTCUSDT","a":2751806066,"p":"37588.01000000","q":"0.01324000","f":3274449522,"l":3274449523,"T":1699543358266,"m":false,"M":true}
INFO - 556 - 2023-11-09_20-52-37 - {"e":"aggTrade","E":1699543358301,"s":"ETHUSDT","a":955173772,"p":"2036.72000000","q":"0.43600000","f":1227025826,"l":1227025827,"T":1699543358301,"m":false,"M":true}
INFO - 585 - 2023-11-09_20-52-37 - {"e":"aggTrade","E":1699543358321,"s":"ETHUSDT","a":955173773,"p":"2036.72000000","q":"0.00980000","f":1227025828,"l":1227025828,"T":1699543358319,"m":false,"M":true}
INFO - 589 - 2023-11-09_20-52-37 - {"e":"aggTrade","E":1699543358325,"s":"XRPUSDT","a":399206690,"p":"0.69710000","q":"43.00000000","f":563609755,"l":563609755,"T":1699543358324,"m":false,"M":true}
INFO - 590 - 2023-11-09_20-52-37 - {"e":"aggTrade","E":1699543358333,"s":"ETHUSDT","a":955173774,"p":"2036.71000000","q":"0.01470000","f":1227025829,"l":1227025829,"T":1699543358332,"m":true,"M":true}
INFO - 639 - 2023-11-09_20-52-37 - {"e":"aggTrade","E":1699543358382,"s":"XRPUSDT","a":399206691,"p":"0.69710000","q":"81.00000000","f":563609756,"l":563609756,"T":1699543358381,"m":false,"M":true}
INFO - 655 - 2023-11-09_20-52-37 - {"e":"aggTrade","E":1699543358397,"s":"ETHUSDT","a":955173775,"p":"2036.72000000","q":"0.35950000","f":1227025830,"l":1227025830,"T":1699543358396,"m":false,"M":true}
INFO - 706 - 2023-11-09_20-52-37 - {"e":"aggTrade","E":1699543358435,"s":"BTCUSDT","a":2751806067,"p":"37588.00000000","q":"0.00237000","f":3274449524,"l":3274449524,"T":1699543358434,"m":true,"M":true}
INFO - 736 - 2023-11-09_20-52-37 - {"e":"aggTrade","E":1699543358473,"s":"ETHUSDT","a":955173776,"p":"2036.71000000","q":"0.00300000","f":1227025831,"l":1227025831,"T":1699543358473,"m":true,"M":true}
INFO - 737 - 2023-11-09_20-52-37 - {"e":"aggTrade","E":1699543358461,"s":"BTCUSDT","a":2751806068,"p":"37588.00000000","q":"0.00517000","f":3274449525,"l":3274449525,"T":1699543358461,"m":true,"M":true}
INFO - 755 - 2023-11-09_20-52-37 - {"e":"aggTrade","E":1699543358486,"s":"BTCUSDT","a":2751806069,"p":"37588.00000000","q":"0.02936000","f":3274449526,"l":3274449526,"T":1699543358485,"m":true,"M":true}
INFO - 773 - 2023-11-09_20-52-37 - {"e":"aggTrade","E":1699543358511,"s":"ETHUSDT","a":955173777,"p":"2036.72000000","q":"0.49090000","f":1227025832,"l":1227025832,"T":1699543358511,"m":false,"M":true}
INFO - 789 - 2023-11-09_20-52-37 - {"e":"aggTrade","E":1699543358523,"s":"BTCUSDT","a":2751806070,"p":"37588.00000000","q":"0.00039000","f":3274449527,"l":3274449527,"T":1699543358522,"m":true,"M":true}
INFO - 801 - 2023-11-09_20-52-37 - {"e":"aggTrade","E":1699543358538,"s":"ETHUSDT","a":955173778,"p":"2036.72000000","q":"0.02250000","f":1227025833,"l":1227025833,"T":1699543358537,"m":false,"M":true}
INFO - 839 - 2023-11-09_20-52-37 - {"e":"aggTrade","E":1699543358559,"s":"ETHUSDT","a":955173779,"p":"2036.72000000","q":"0.43600000","f":1227025834,"l":1227025834,"T":1699543358558,"m":false,"M":true}
INFO - 912 - 2023-11-09_20-52-37 - {"e":"aggTrade","E":1699543358648,"s":"ETHUSDT","a":955173780,"p":"2036.71000000","q":"3.12140000","f":1227025835,"l":1227025839,"T":1699543358648,"m":true,"M":true}
INFO - 913 - 2023-11-09_20-52-37 - {"e":"aggTrade","E":1699543358649,"s":"ETHUSDT","a":955173781,"p":"2036.71000000","q":"7.34390000","f":1227025840,"l":1227025842,"T":1699543358648,"m":true,"M":true}
INFO - 919 - 2023-11-09_20-52-37 - {"e":"aggTrade","E":1699543358653,"s":"ETHUSDT","a":955173782,"p":"2036.70000000","q":"0.12740000","f":1227025843,"l":1227025843,"T":1699543358652,"m":false,"M":true}
INFO - 922 - 2023-11-09_20-52-37 - {"e":"aggTrade","E":1699543358659,"s":"ETHUSDT","a":955173783,"p":"2036.69000000","q":"0.59210000","f":1227025844,"l":1227025844,"T":1699543358658,"m":true,"M":true}
INFO - 922 - 2023-11-09_20-52-37 - {"e":"aggTrade","E":1699543358663,"s":"ETHUSDT","a":955173784,"p":"2036.70000000","q":"0.88300000","f":1227025845,"l":1227025846,"T":1699543358663,"m":false,"M":true}
INFO - 922 - 2023-11-09_20-52-37 - {"e":"aggTrade","E":1699543358654,"s":"BTCUSDT","a":2751806071,"p":"37588.01000000","q":"0.00115000","f":3274449528,"l":3274449528,"T":1699543358653,"m":false,"M":true}
INFO - 934 - 2023-11-09_20-52-37 - {"e":"aggTrade","E":1699543358670,"s":"XRPUSDT","a":399206692,"p":"0.69700000","q":"77.00000000","f":563609757,"l":563609757,"T":1699543358670,"m":true,"M":true}
INFO - 972 - 2023-11-09_20-52-37 - {"e":"aggTrade","E":1699543358680,"s":"BTCUSDT","a":2751806072,"p":"37588.00000000","q":"0.00507000","f":3274449529,"l":3274449529,"T":1699543358679,"m":true,"M":true}
INFO - 9 - 2023-11-09_20-52-38 - {"e":"aggTrade","E":1699543358749,"s":"ETHUSDT","a":955173785,"p":"2036.55000000","q":"0.74770000","f":1227025847,"l":1227025847,"T":1699543358748,"m":true,"M":true}
INFO - 20 - 2023-11-09_20-52-38 - {"e":"aggTrade","E":1699543358745,"s":"BTCUSDT","a":2751806073,"p":"37588.00000000","q":"0.00068000","f":3274449530,"l":3274449530,"T":1699543358744,"m":true,"M":true}
INFO - 55 - 2023-11-09_20-52-38 - {"e":"aggTrade","E":1699543358801,"s":"ETHUSDT","a":955173786,"p":"2036.56000000","q":"1.25580000","f":1227025848,"l":1227025848,"T":1699543358800,"m":false,"M":true}
INFO - 67 - 2023-11-09_20-52-38 - {"e":"aggTrade","E":1699543358793,"s":"BTCUSDT","a":2751806074,"p":"37588.01000000","q":"0.00216000","f":3274449531,"l":3274449531,"T":1699543358792,"m":false,"M":true}
INFO - 73 - 2023-11-09_20-52-38 - {"e":"aggTrade","E":1699543358811,"s":"ETHUSDT","a":955173787,"p":"2036.56000000","q":"0.43500000","f":1227025849,"l":1227025849,"T":1699543358811,"m":false,"M":true}
INFO - 85 - 2023-11-09_20-52-38 - {"e":"aggTrade","E":1699543358822,"s":"ETHUSDT","a":955173788,"p":"2036.56000000","q":"0.01180000","f":1227025850,"l":1227025850,"T":1699543358822,"m":false,"M":true}
INFO - 88 - 2023-11-09_20-52-38 - {"e":"aggTrade","E":1699543358832,"s":"ETHUSDT","a":955173789,"p":"2036.56000000","q":"0.01100000","f":1227025851,"l":1227025851,"T":1699543358831,"m":false,"M":true}
INFO - 104 - 2023-11-09_20-52-38 - {"e":"aggTrade","E":1699543358839,"s":"XRPUSDT","a":399206693,"p":"0.69710000","q":"22.00000000","f":563609758,"l":563609758,"T":1699543358838,"m":false,"M":true}
INFO - 122 - 2023-11-09_20-52-38 - {"e":"aggTrade","E":1699543358845,"s":"XRPUSDT","a":399206694,"p":"0.69710000","q":"35.00000000","f":563609759,"l":563609759,"T":1699543358845,"m":false,"M":true}
INFO - 122 - 2023-11-09_20-52-38 - {"e":"aggTrade","E":1699543358859,"s":"XRPUSDT","a":399206695,"p":"0.69710000","q":"46.00000000","f":563609760,"l":563609760,"T":1699543358858,"m":false,"M":true}
INFO - 171 - 2023-11-09_20-52-38 - {"e":"aggTrade","E":1699543358917,"s":"XRPUSDT","a":399206696,"p":"0.69710000","q":"717.00000000","f":563609761,"l":563609761,"T":1699543358917,"m":false,"M":true}
INFO - 171 - 2023-11-09_20-52-38 - {"e":"aggTrade","E":1699543358919,"s":"ETHUSDT","a":955173790,"p":"2036.56000000","q":"0.26850000","f":1227025852,"l":1227025853,"T":1699543358918,"m":false,"M":true}
INFO - 189 - 2023-11-09_20-52-38 - {"e":"aggTrade","E":1699543358927,"s":"ETHUSDT","a":955173791,"p":"2036.56000000","q":"0.04900000","f":1227025854,"l":1227025854,"T":1699543358923,"m":false,"M":true}
INFO - 189 - 2023-11-09_20-52-38 - {"e":"aggTrade","E":1699543358931,"s":"XRPUSDT","a":399206697,"p":"0.69710000","q":"379.00000000","f":563609762,"l":563609762,"T":1699543358930,"m":false,"M":true}
INFO - 219 - 2023-11-09_20-52-38 - {"e":"aggTrade","E":1699543358945,"s":"BTCUSDT","a":2751806075,"p":"37588.00000000","q":"0.00068000","f":3274449532,"l":3274449532,"T":1699543358945,"m":true,"M":true}
INFO - 238 - 2023-11-09_20-52-38 - {"e":"aggTrade","E":1699543358970,"s":"BTCUSDT","a":2751806076,"p":"37588.01000000","q":"0.00026000","f":3274449533,"l":3274449533,"T":1699543358969,"m":false,"M":true}
INFO - 238 - 2023-11-09_20-52-38 - {"e":"aggTrade","E":1699543358971,"s":"BTCUSDT","a":2751806077,"p":"37588.00000000","q":"0.00095000","f":3274449534,"l":3274449534,"T":1699543358970,"m":true,"M":true}
INFO - 253 - 2023-11-09_20-52-38 - {"e":"aggTrade","E":1699543358991,"s":"ETHUSDT","a":955173792,"p":"2036.55000000","q":"0.00490000","f":1227025855,"l":1227025855,"T":1699543358991,"m":true,"M":true}
INFO - 258 - 2023-11-09_20-52-38 - {"e":"aggTrade","E":1699543358986,"s":"BTCUSDT","a":2751806078,"p":"37588.00000000","q":"0.10647000","f":3274449535,"l":3274449535,"T":1699543358985,"m":true,"M":true}
INFO - 272 - 2023-11-09_20-52-38 - {"e":"aggTrade","E":1699543359001,"s":"BTCUSDT","a":2751806079,"p":"37588.00000000","q":"0.05058000","f":3274449536,"l":3274449536,"T":1699543359001,"m":true,"M":true}
INFO - 288 - 2023-11-09_20-52-38 - {"e":"aggTrade","E":1699543359017,"s":"BTCUSDT","a":2751806080,"p":"37588.00000000","q":"0.00049000","f":3274449537,"l":3274449537,"T":1699543359017,"m":true,"M":true}
INFO - 319 - 2023-11-09_20-52-38 - {"e":"aggTrade","E":1699543359041,"s":"BTCUSDT","a":2751806081,"p":"37588.00000000","q":"0.01940000","f":3274449538,"l":3274449538,"T":1699543359040,"m":true,"M":true}
INFO - 321 - 2023-11-09_20-52-38 - {"e":"aggTrade","E":1699543359042,"s":"BTCUSDT","a":2751806082,"p":"37588.01000000","q":"0.00207000","f":3274449539,"l":3274449539,"T":1699543359042,"m":false,"M":true}
INFO - 327 - 2023-11-09_20-52-38 - {"e":"aggTrade","E":1699543359062,"s":"XRPUSDT","a":399206698,"p":"0.69710000","q":"1277.00000000","f":563609763,"l":563609764,"T":1699543359062,"m":false,"M":true}
INFO - 333 - 2023-11-09_20-52-38 - {"e":"aggTrade","E":1699543359069,"s":"ETHUSDT","a":955173793,"p":"2036.56000000","q":"0.43500000","f":1227025856,"l":1227025856,"T":1699543359068,"m":false,"M":true}
INFO - 370 - 2023-11-09_20-52-38 - {"e":"aggTrade","E":1699543359065,"s":"BTCUSDT","a":2751806083,"p":"37588.00000000","q":"0.00183000","f":3274449540,"l":3274449540,"T":1699543359064,"m":true,"M":true}
INFO - 372 - 2023-11-09_20-52-38 - {"e":"aggTrade","E":1699543359085,"s":"BTCUSDT","a":2751806084,"p":"37588.00000000","q":"0.00266000","f":3274449541,"l":3274449541,"T":1699543359084,"m":true,"M":true}
INFO - 439 - 2023-11-09_20-52-38 - {"e":"aggTrade","E":1699543359182,"s":"XRPUSDT","a":399206699,"p":"0.69710000","q":"717.00000000","f":563609765,"l":563609765,"T":1699543359181,"m":false,"M":true}
INFO - 472 - 2023-11-09_20-52-38 - {"e":"aggTrade","E":1699543359195,"s":"BTCUSDT","a":2751806085,"p":"37588.01000000","q":"0.01026000","f":3274449542,"l":3274449542,"T":1699543359194,"m":false,"M":true}
INFO - 488 - 2023-11-09_20-52-38 - {"e":"aggTrade","E":1699543359223,"s":"BTCUSDT","a":2751806086,"p":"37588.00000000","q":"0.00021000","f":3274449543,"l":3274449543,"T":1699543359223,"m":true,"M":true}
INFO - 505 - 2023-11-09_20-52-38 - {"e":"aggTrade","E":1699543359243,"s":"ETHUSDT","a":955173794,"p":"2036.56000000","q":"0.85700000","f":1227025857,"l":1227025857,"T":1699543359242,"m":false,"M":true}
INFO - 505 - 2023-11-09_20-52-38 - {"e":"aggTrade","E":1699543359244,"s":"XRPUSDT","a":399206700,"p":"0.69710000","q":"88.00000000","f":563609766,"l":563609766,"T":1699543359243,"m":false,"M":true}
INFO - 505 - 2023-11-09_20-52-38 - {"e":"aggTrade","E":1699543359249,"s":"XRPUSDT","a":399206701,"p":"0.69710000","q":"688.00000000","f":563609767,"l":563609768,"T":1699543359249,"m":false,"M":true}
INFO - 521 - 2023-11-09_20-52-38 - {"e":"aggTrade","E":1699543359267,"s":"ETHUSDT","a":955173795,"p":"2036.55000000","q":"2.90790000","f":1227025858,"l":1227025860,"T":1699543359266,"m":true,"M":true}
INFO - 538 - 2023-11-09_20-52-38 - {"e":"aggTrade","E":1699543359278,"s":"ETHUSDT","a":955173796,"p":"2036.55000000","q":"0.02970000","f":1227025861,"l":1227025861,"T":1699543359277,"m":true,"M":true}
INFO - 643 - 2023-11-09_20-52-38 - {"e":"aggTrade","E":1699543359330,"s":"ETHUSDT","a":955173797,"p":"2036.56000000","q":"0.43500000","f":1227025862,"l":1227025862,"T":1699543359330,"m":false,"M":true}
INFO - 643 - 2023-11-09_20-52-38 - {"e":"aggTrade","E":1699543359345,"s":"BTCUSDT","a":2751806087,"p":"37588.01000000","q":"0.00027000","f":3274449544,"l":3274449544,"T":1699543359344,"m":false,"M":true}
INFO - 643 - 2023-11-09_20-52-38 - {"e":"aggTrade","E":1699543359341,"s":"ETHUSDT","a":955173798,"p":"2036.55000000","q":"0.06810000","f":1227025863,"l":1227025863,"T":1699543359341,"m":true,"M":true}
INFO - 643 - 2023-11-09_20-52-38 - {"e":"aggTrade","E":1699543359365,"s":"ETHUSDT","a":955173799,"p":"2036.56000000","q":"0.49100000","f":1227025864,"l":1227025864,"T":1699543359365,"m":false,"M":true}
INFO - 654 - 2023-11-09_20-52-38 - {"e":"aggTrade","E":1699543359388,"s":"ETHUSDT","a":955173800,"p":"2036.55000000","q":"0.00310000","f":1227025865,"l":1227025865,"T":1699543359388,"m":true,"M":true}
INFO - 689 - 2023-11-09_20-52-38 - {"e":"aggTrade","E":1699543359435,"s":"XRPUSDT","a":399206702,"p":"0.69710000","q":"14.00000000","f":563609769,"l":563609769,"T":1699543359435,"m":false,"M":true}
INFO - 704 - 2023-11-09_20-52-38 - {"e":"aggTrade","E":1699543359441,"s":"ETHUSDT","a":955173801,"p":"2036.56000000","q":"1.68660000","f":1227025866,"l":1227025866,"T":1699543359440,"m":false,"M":true}
INFO - 704 - 2023-11-09_20-52-38 - {"e":"aggTrade","E":1699543359433,"s":"BTCUSDT","a":2751806088,"p":"37588.01000000","q":"0.00265000","f":3274449545,"l":3274449545,"T":1699543359432,"m":false,"M":true}
INFO - 767 - 2023-11-09_20-52-38 - {"e":"aggTrade","E":1699543359485,"s":"ETHUSDT","a":955173802,"p":"2036.76000000","q":"0.02880000","f":1227025867,"l":1227025867,"T":1699543359484,"m":true,"M":true}
INFO - 767 - 2023-11-09_20-52-38 - {"e":"aggTrade","E":1699543359502,"s":"XRPUSDT","a":399206703,"p":"0.69710000","q":"78.00000000","f":563609770,"l":563609770,"T":1699543359501,"m":false,"M":true}
INFO - 768 - 2023-11-09_20-52-38 - {"e":"aggTrade","E":1699543359464,"s":"BTCUSDT","a":2751806089,"p":"37588.01000000","q":"0.01000000","f":3274449546,"l":3274449546,"T":1699543359464,"m":false,"M":true}
INFO - 769 - 2023-11-09_20-52-38 - {"e":"aggTrade","E":1699543359502,"s":"XRPUSDT","a":399206704,"p":"0.69720000","q":"10929.00000000","f":563609771,"l":563609773,"T":1699543359501,"m":false,"M":true}
INFO - 769 - 2023-11-09_20-52-38 - {"e":"aggTrade","E":1699543359505,"s":"XRPUSDT","a":399206705,"p":"0.69730000","q":"9084.00000000","f":563609774,"l":563609779,"T":1699543359504,"m":false,"M":true}
INFO - 786 - 2023-11-09_20-52-38 - {"e":"aggTrade","E":1699543359511,"s":"XRPUSDT","a":399206706,"p":"0.69740000","q":"425.00000000","f":563609780,"l":563609780,"T":1699543359510,"m":false,"M":true}
INFO - 817 - 2023-11-09_20-52-38 - {"e":"aggTrade","E":1699543359552,"s":"XRPUSDT","a":399206707,"p":"0.69740000","q":"717.00000000","f":563609781,"l":563609781,"T":1699543359551,"m":false,"M":true}
INFO - 853 - 2023-11-09_20-52-38 - {"e":"aggTrade","E":1699543359600,"s":"XRPUSDT","a":399206708,"p":"0.69740000","q":"716.00000000","f":563609782,"l":563609782,"T":1699543359599,"m":false,"M":true}
INFO - 853 - 2023-11-09_20-52-38 - {"e":"aggTrade","E":1699543359590,"s":"BTCUSDT","a":2751806090,"p":"37588.00000000","q":"0.17603000","f":3274449547,"l":3274449547,"T":1699543359590,"m":true,"M":true}
INFO - 886 - 2023-11-09_20-52-38 - {"e":"aggTrade","E":1699543359624,"s":"XRPUSDT","a":399206709,"p":"0.69740000","q":"9611.00000000","f":563609783,"l":563609786,"T":1699543359624,"m":false,"M":true}
INFO - 935 - 2023-11-09_20-52-38 - {"e":"aggTrade","E":1699543359673,"s":"XRPUSDT","a":399206710,"p":"0.69740000","q":"2725.00000000","f":563609787,"l":563609789,"T":1699543359673,"m":true,"M":true}
INFO - 935 - 2023-11-09_20-52-38 - {"e":"aggTrade","E":1699543359674,"s":"BTCUSDT","a":2751806091,"p":"37588.00000000","q":"0.00133000","f":3274449548,"l":3274449548,"T":1699543359674,"m":true,"M":true}
INFO - 968 - 2023-11-09_20-52-38 - {"e":"aggTrade","E":1699543359704,"s":"XRPUSDT","a":399206711,"p":"0.69750000","q":"717.00000000","f":563609790,"l":563609790,"T":1699543359703,"m":false,"M":true}
INFO - 987 - 2023-11-09_20-52-38 - {"e":"aggTrade","E":1699543359723,"s":"ETHUSDT","a":955173803,"p":"2036.76000000","q":"0.14850000","f":1227025868,"l":1227025868,"T":1699543359722,"m":true,"M":true}
INFO - 0 - 2023-11-09_20-52-38 - {"e":"aggTrade","E":1699543359736,"s":"ETHUSDT","a":955173804,"p":"2036.76000000","q":"0.00590000","f":1227025869,"l":1227025869,"T":1699543359736,"m":true,"M":true}
INFO - 20 - 2023-11-09_20-52-39 - {"e":"aggTrade","E":1699543359763,"s":"XRPUSDT","a":399206712,"p":"0.69740000","q":"10.00000000","f":563609791,"l":563609791,"T":1699543359762,"m":true,"M":true}
INFO - 52 - 2023-11-09_20-52-39 - {"e":"aggTrade","E":1699543359799,"s":"ETHUSDT","a":955173805,"p":"2036.77000000","q":"10.00000000","f":1227025870,"l":1227025874,"T":1699543359799,"m":false,"M":true}
INFO - 83 - 2023-11-09_20-52-39 - {"e":"aggTrade","E":1699543359800,"s":"BTCUSDT","a":2751806092,"p":"37588.00000000","q":"0.00031000","f":3274449549,"l":3274449549,"T":1699543359799,"m":true,"M":true}
INFO - 84 - 2023-11-09_20-52-39 - {"e":"aggTrade","E":1699543359803,"s":"BTCUSDT","a":2751806093,"p":"37588.00000000","q":"0.00092000","f":3274449550,"l":3274449550,"T":1699543359803,"m":true,"M":true}
INFO - 85 - 2023-11-09_20-52-39 - {"e":"aggTrade","E":1699543359815,"s":"ETHUSDT","a":955173806,"p":"2036.76000000","q":"1.12510000","f":1227025875,"l":1227025876,"T":1699543359814,"m":true,"M":true}
INFO - 86 - 2023-11-09_20-52-39 - {"e":"aggTrade","E":1699543359815,"s":"ETHUSDT","a":955173807,"p":"2036.75000000","q":"3.68090000","f":1227025877,"l":1227025877,"T":1699543359814,"m":true,"M":true}
INFO - 100 - 2023-11-09_20-52-39 - {"e":"aggTrade","E":1699543359825,"s":"BTCUSDT","a":2751806094,"p":"37588.00000000","q":"0.00277000","f":3274449551,"l":3274449551,"T":1699543359825,"m":true,"M":true}
INFO - 119 - 2023-11-09_20-52-39 - {"e":"aggTrade","E":1699543359867,"s":"ETHUSDT","a":955173808,"p":"2036.67000000","q":"0.01060000","f":1227025878,"l":1227025878,"T":1699543359867,"m":true,"M":true}
INFO - 155 - 2023-11-09_20-52-39 - {"e":"aggTrade","E":1699543359875,"s":"ETHUSDT","a":955173809,"p":"2036.67000000","q":"5.50990000","f":1227025879,"l":1227025879,"T":1699543359874,"m":true,"M":true}
INFO - 168 - 2023-11-09_20-52-39 - {"e":"aggTrade","E":1699543359880,"s":"ETHUSDT","a":955173810,"p":"2036.68000000","q":"0.49200000","f":1227025880,"l":1227025880,"T":1699543359879,"m":false,"M":true}
INFO - 170 - 2023-11-09_20-52-39 - {"e":"aggTrade","E":1699543359916,"s":"ETHUSDT","a":955173811,"p":"2036.67000000","q":"0.01070000","f":1227025881,"l":1227025881,"T":1699543359915,"m":true,"M":true}
INFO - 206 - 2023-11-09_20-52-39 - {"e":"aggTrade","E":1699543359936,"s":"ETHUSDT","a":955173812,"p":"2036.68000000","q":"0.79110000","f":1227025882,"l":1227025882,"T":1699543359935,"m":false,"M":true}
INFO - 220 - 2023-11-09_20-52-39 - {"e":"aggTrade","E":1699543359936,"s":"ETHUSDT","a":955173813,"p":"2036.70000000","q":"4.41360000","f":1227025883,"l":1227025883,"T":1699543359935,"m":false,"M":true}
INFO - 221 - 2023-11-09_20-52-39 - {"e":"aggTrade","E":1699543359934,"s":"BTCUSDT","a":2751806095,"p":"37588.01000000","q":"0.20001000","f":3274449552,"l":3274449555,"T":1699543359934,"m":false,"M":true}
INFO - 223 - 2023-11-09_20-52-39 - {"e":"aggTrade","E":1699543359937,"s":"ETHUSDT","a":955173814,"p":"2036.70000000","q":"1.04560000","f":1227025884,"l":1227025884,"T":1699543359936,"m":false,"M":true}
INFO - 223 - 2023-11-09_20-52-39 - {"e":"aggTrade","E":1699543359937,"s":"BTCUSDT","a":2751806096,"p":"37588.00000000","q":"0.00267000","f":3274449556,"l":3274449556,"T":1699543359936,"m":true,"M":true}
INFO - 223 - 2023-11-09_20-52-39 - {"e":"aggTrade","E":1699543359961,"s":"XRPUSDT","a":399206713,"p":"0.69750000","q":"717.00000000","f":563609792,"l":563609792,"T":1699543359959,"m":false,"M":true}
INFO - 223 - 2023-11-09_20-52-39 - {"e":"aggTrade","E":1699543359941,"s":"ETHUSDT","a":955173815,"p":"2036.70000000","q":"5.60900000","f":1227025885,"l":1227025885,"T":1699543359940,"m":false,"M":true}
INFO - 234 - 2023-11-09_20-52-39 - {"e":"aggTrade","E":1699543359943,"s":"ETHUSDT","a":955173816,"p":"2036.70000000","q":"3.36800000","f":1227025886,"l":1227025886,"T":1699543359942,"m":false,"M":true}
INFO - 235 - 2023-11-09_20-52-39 - {"e":"aggTrade","E":1699543359953,"s":"ETHUSDT","a":955173817,"p":"2036.93000000","q":"1.50910000","f":1227025887,"l":1227025887,"T":1699543359952,"m":false,"M":true}
INFO - 238 - 2023-11-09_20-52-39 - {"e":"aggTrade","E":1699543359965,"s":"BTCUSDT","a":2751806097,"p":"37588.00000000","q":"0.00113000","f":3274449557,"l":3274449557,"T":1699543359964,"m":true,"M":true}
INFO - 238 - 2023-11-09_20-52-39 - {"e":"aggTrade","E":1699543359969,"s":"BTCUSDT","a":2751806098,"p":"37588.00000000","q":"0.01567000","f":3274449558,"l":3274449558,"T":1699543359968,"m":true,"M":true}
INFO - 252 - 2023-11-09_20-52-39 - {"e":"aggTrade","E":1699543359979,"s":"BTCUSDT","a":2751806099,"p":"37588.01000000","q":"0.00211000","f":3274449559,"l":3274449559,"T":1699543359978,"m":false,"M":true}
INFO - 252 - 2023-11-09_20-52-39 - {"e":"aggTrade","E":1699543359981,"s":"BTCUSDT","a":2751806100,"p":"37588.01000000","q":"0.00053000","f":3274449560,"l":3274449560,"T":1699543359980,"m":false,"M":true}
INFO - 252 - 2023-11-09_20-52-39 - {"e":"aggTrade","E":1699543359983,"s":"BTCUSDT","a":2751806101,"p":"37588.01000000","q":"0.02660000","f":3274449561,"l":3274449563,"T":1699543359982,"m":false,"M":true}
INFO - 302 - 2023-11-09_20-52-39 - {"e":"aggTrade","E":1699543360038,"s":"ETHUSDT","a":955173818,"p":"2037.00000000","q":"0.28980000","f":1227025888,"l":1227025889,"T":1699543360037,"m":false,"M":true}
INFO - 304 - 2023-11-09_20-52-39 - {"e":"aggTrade","E":1699543360038,"s":"ETHUSDT","a":955173819,"p":"2037.07000000","q":"0.05000000","f":1227025890,"l":1227025890,"T":1699543360037,"m":false,"M":true}
INFO - 304 - 2023-11-09_20-52-39 - {"e":"aggTrade","E":1699543360038,"s":"ETHUSDT","a":955173820,"p":"2037.19000000","q":"0.00500000","f":1227025891,"l":1227025891,"T":1699543360037,"m":false,"M":true}
INFO - 304 - 2023-11-09_20-52-39 - {"e":"aggTrade","E":1699543360038,"s":"ETHUSDT","a":955173821,"p":"2037.30000000","q":"0.14560000","f":1227025892,"l":1227025892,"T":1699543360037,"m":false,"M":true}
INFO - 353 - 2023-11-09_20-52-39 - {"e":"aggTrade","E":1699543360070,"s":"XRPUSDT","a":399206714,"p":"0.69750000","q":"714.00000000","f":563609793,"l":563609793,"T":1699543360069,"m":false,"M":true}
INFO - 383 - 2023-11-09_20-52-39 - {"e":"aggTrade","E":1699543360118,"s":"ETHUSDT","a":955173822,"p":"2037.40000000","q":"0.04820000","f":1227025893,"l":1227025893,"T":1699543360118,"m":true,"M":true}
INFO - 384 - 2023-11-09_20-52-39 - {"e":"aggTrade","E":1699543360109,"s":"BTCUSDT","a":2751806102,"p":"37588.01000000","q":"0.25000000","f":3274449564,"l":3274449565,"T":1699543360108,"m":false,"M":true}
INFO - 391 - 2023-11-09_20-52-39 - {"e":"aggTrade","E":1699543360116,"s":"BTCUSDT","a":2751806103,"p":"37588.00000000","q":"0.04290000","f":3274449566,"l":3274449566,"T":1699543360116,"m":true,"M":true}
INFO - 396 - 2023-11-09_20-52-39 - {"e":"aggTrade","E":1699543360133,"s":"ETHUSDT","a":955173823,"p":"2037.41000000","q":"0.00400000","f":1227025894,"l":1227025894,"T":1699543360132,"m":false,"M":true}
INFO - 397 - 2023-11-09_20-52-39 - {"e":"aggTrade","E":1699543360133,"s":"ETHUSDT","a":955173824,"p":"2037.52000000","q":"0.09600000","f":1227025895,"l":1227025895,"T":1699543360132,"m":false,"M":true}
INFO - 420 - 2023-11-09_20-52-39 - {"e":"aggTrade","E":1699543360155,"s":"ETHUSDT","a":955173825,"p":"2037.51000000","q":"0.12210000","f":1227025896,"l":1227025896,"T":1699543360155,"m":true,"M":true}
INFO - 433 - 2023-11-09_20-52-39 - {"e":"aggTrade","E":1699543360156,"s":"BTCUSDT","a":2751806104,"p":"37588.00000000","q":"0.00216000","f":3274449567,"l":3274449567,"T":1699543360155,"m":true,"M":true}
INFO - 444 - 2023-11-09_20-52-39 - {"e":"aggTrade","E":1699543360181,"s":"ETHUSDT","a":955173826,"p":"2037.51000000","q":"4.20040000","f":1227025897,"l":1227025899,"T":1699543360180,"m":true,"M":true}
INFO - 446 - 2023-11-09_20-52-39 - {"e":"aggTrade","E":1699543360171,"s":"BTCUSDT","a":2751806105,"p":"37588.01000000","q":"0.00133000","f":3274449568,"l":3274449568,"T":1699543360170,"m":false,"M":true}
INFO - 450 - 2023-11-09_20-52-39 - {"e":"aggTrade","E":1699543360187,"s":"XRPUSDT","a":399206715,"p":"0.69750000","q":"48.00000000","f":563609794,"l":563609794,"T":1699543360187,"m":false,"M":true}
INFO - 453 - 2023-11-09_20-52-39 - {"e":"aggTrade","E":1699543360194,"s":"ETHUSDT","a":955173827,"p":"2037.33000000","q":"0.20740000","f":1227025900,"l":1227025900,"T":1699543360193,"m":true,"M":true}
INFO - 562 - 2023-11-09_20-52-39 - {"e":"aggTrade","E":1699543360278,"s":"ETHUSDT","a":955173828,"p":"2037.30000000","q":"0.38500000","f":1227025901,"l":1227025901,"T":1699543360277,"m":true,"M":true}
INFO - 563 - 2023-11-09_20-52-39 - {"e":"aggTrade","E":1699543360278,"s":"ETHUSDT","a":955173829,"p":"2037.25000000","q":"0.01540000","f":1227025902,"l":1227025902,"T":1699543360277,"m":true,"M":true}
INFO - 564 - 2023-11-09_20-52-39 - {"e":"aggTrade","E":1699543360278,"s":"ETHUSDT","a":955173830,"p":"2037.23000000","q":"0.09040000","f":1227025903,"l":1227025903,"T":1699543360277,"m":true,"M":true}
INFO - 566 - 2023-11-09_20-52-39 - {"e":"aggTrade","E":1699543360280,"s":"ETHUSDT","a":955173831,"p":"2037.24000000","q":"0.10300000","f":1227025904,"l":1227025904,"T":1699543360280,"m":false,"M":true}
INFO - 618 - 2023-11-09_20-52-39 - {"e":"aggTrade","E":1699543360333,"s":"XRPUSDT","a":399206716,"p":"0.69750000","q":"154.00000000","f":563609795,"l":563609795,"T":1699543360332,"m":false,"M":true}
INFO - 618 - 2023-11-09_20-52-39 - {"e":"aggTrade","E":1699543360335,"s":"ETHUSDT","a":955173832,"p":"2037.24000000","q":"0.43500000","f":1227025905,"l":1227025905,"T":1699543360334,"m":false,"M":true}
INFO - 641 - 2023-11-09_20-52-39 - {"e":"aggTrade","E":1699543360366,"s":"BTCUSDT","a":2751806106,"p":"37588.00000000","q":"0.01611000","f":3274449569,"l":3274449569,"T":1699543360366,"m":true,"M":true}
INFO - 708 - 2023-11-09_20-52-39 - {"e":"aggTrade","E":1699543360434,"s":"BTCUSDT","a":2751806107,"p":"37588.00000000","q":"0.00152000","f":3274449570,"l":3274449570,"T":1699543360433,"m":true,"M":true}
INFO - 713 - 2023-11-09_20-52-39 - {"e":"aggTrade","E":1699543360448,"s":"ETHUSDT","a":955173833,"p":"2037.23000000","q":"0.06310000","f":1227025906,"l":1227025906,"T":1699543360447,"m":true,"M":true}
INFO - 755 - 2023-11-09_20-52-39 - {"e":"aggTrade","E":1699543360481,"s":"BTCUSDT","a":2751806108,"p":"37588.00000000","q":"0.00999000","f":3274449571,"l":3274449571,"T":1699543360481,"m":true,"M":true}
INFO - 820 - 2023-11-09_20-52-39 - {"e":"aggTrade","E":1699543360538,"s":"ETHUSDT","a":955173834,"p":"2037.23000000","q":"0.01090000","f":1227025907,"l":1227025907,"T":1699543360537,"m":true,"M":true}
INFO - 820 - 2023-11-09_20-52-39 - {"e":"aggTrade","E":1699543360555,"s":"ETHUSDT","a":955173835,"p":"2037.23000000","q":"2.82120000","f":1227025908,"l":1227025909,"T":1699543360555,"m":true,"M":true}
INFO - 820 - 2023-11-09_20-52-39 - {"e":"aggTrade","E":1699543360559,"s":"ETHUSDT","a":955173836,"p":"2037.23000000","q":"0.55420000","f":1227025910,"l":1227025910,"T":1699543360558,"m":true,"M":true}
INFO - 820 - 2023-11-09_20-52-39 - {"e":"aggTrade","E":1699543360561,"s":"ETHUSDT","a":955173837,"p":"2037.22000000","q":"0.01480000","f":1227025911,"l":1227025911,"T":1699543360561,"m":true,"M":true}
INFO - 833 - 2023-11-09_20-52-39 - {"e":"aggTrade","E":1699543360561,"s":"ETHUSDT","a":955173838,"p":"2037.21000000","q":"0.00900000","f":1227025912,"l":1227025913,"T":1699543360561,"m":true,"M":true}
INFO - 835 - 2023-11-09_20-52-39 - {"e":"aggTrade","E":1699543360567,"s":"ETHUSDT","a":955173839,"p":"2037.20000000","q":"0.01540000","f":1227025914,"l":1227025914,"T":1699543360566,"m":true,"M":true}
INFO - 840 - 2023-11-09_20-52-39 - {"e":"aggTrade","E":1699543360571,"s":"ETHUSDT","a":955173840,"p":"2037.15000000","q":"0.01540000","f":1227025915,"l":1227025915,"T":1699543360570,"m":true,"M":true}
INFO - 842 - 2023-11-09_20-52-39 - {"e":"aggTrade","E":1699543360579,"s":"ETHUSDT","a":955173841,"p":"2037.11000000","q":"0.43500000","f":1227025916,"l":1227025916,"T":1699543360578,"m":false,"M":true}
INFO - 842 - 2023-11-09_20-52-39 - {"e":"aggTrade","E":1699543360575,"s":"XRPUSDT","a":399206717,"p":"0.69750000","q":"1000.00000000","f":563609796,"l":563609796,"T":1699543360575,"m":false,"M":true}
INFO - 886 - 2023-11-09_20-52-39 - {"e":"aggTrade","E":1699543360621,"s":"XRPUSDT","a":399206718,"p":"0.69750000","q":"35.00000000","f":563609797,"l":563609797,"T":1699543360620,"m":false,"M":true}
INFO - 886 - 2023-11-09_20-52-39 - {"e":"aggTrade","E":1699543360620,"s":"BTCUSDT","a":2751806109,"p":"37588.01000000","q":"0.01683000","f":3274449572,"l":3274449573,"T":1699543360620,"m":false,"M":true}
INFO - 919 - 2023-11-09_20-52-39 - {"e":"aggTrade","E":1699543360656,"s":"ETHUSDT","a":955173842,"p":"2037.10000000","q":"0.01540000","f":1227025917,"l":1227025917,"T":1699543360655,"m":true,"M":true}
INFO - 919 - 2023-11-09_20-52-39 - {"e":"aggTrade","E":1699543360656,"s":"ETHUSDT","a":955173843,"p":"2037.05000000","q":"0.01540000","f":1227025918,"l":1227025918,"T":1699543360655,"m":true,"M":true}
INFO - 919 - 2023-11-09_20-52-39 - {"e":"aggTrade","E":1699543360656,"s":"ETHUSDT","a":955173844,"p":"2037.00000000","q":"0.02430000","f":1227025919,"l":1227025921,"T":1699543360655,"m":true,"M":true}
INFO - 919 - 2023-11-09_20-52-39 - {"e":"aggTrade","E":1699543360661,"s":"ETHUSDT","a":955173845,"p":"2036.95000000","q":"0.10600000","f":1227025922,"l":1227025923,"T":1699543360660,"m":true,"M":true}
INFO - 919 - 2023-11-09_20-52-39 - {"e":"aggTrade","E":1699543360664,"s":"ETHUSDT","a":955173846,"p":"2036.75000000","q":"0.01540000","f":1227025924,"l":1227025924,"T":1699543360663,"m":true,"M":true}
INFO - 933 - 2023-11-09_20-52-39 - {"e":"aggTrade","E":1699543360669,"s":"XRPUSDT","a":399206719,"p":"0.69740000","q":"77.00000000","f":563609798,"l":563609798,"T":1699543360668,"m":true,"M":true}
INFO - 935 - 2023-11-09_20-52-39 - {"e":"aggTrade","E":1699543360657,"s":"BTCUSDT","a":2751806110,"p":"37588.01000000","q":"0.00162000","f":3274449574,"l":3274449578,"T":1699543360657,"m":false,"M":true}
INFO - 968 - 2023-11-09_20-52-39 - {"e":"aggTrade","E":1699543360697,"s":"BTCUSDT","a":2751806111,"p":"37588.00000000","q":"0.00018000","f":3274449579,"l":3274449579,"T":1699543360696,"m":true,"M":true}
INFO - 36 - 2023-11-09_20-52-40 - {"e":"aggTrade","E":1699543360779,"s":"ETHUSDT","a":955173847,"p":"2036.74000000","q":"0.01110000","f":1227025925,"l":1227025925,"T":1699543360778,"m":true,"M":true}
INFO - 36 - 2023-11-09_20-52-40 - {"e":"aggTrade","E":1699543360768,"s":"BTCUSDT","a":2751806112,"p":"37588.00000000","q":"0.00059000","f":3274449580,"l":3274449580,"T":1699543360768,"m":true,"M":true}
INFO - 83 - 2023-11-09_20-52-40 - {"e":"aggTrade","E":1699543360818,"s":"XRPUSDT","a":399206720,"p":"0.69740000","q":"47.00000000","f":563609799,"l":563609799,"T":1699543360818,"m":true,"M":true}
INFO - 101 - 2023-11-09_20-52-40 - {"e":"aggTrade","E":1699543360837,"s":"ETHUSDT","a":955173848,"p":"2036.75000000","q":"0.43500000","f":1227025926,"l":1227025926,"T":1699543360837,"m":false,"M":true}
INFO - 104 - 2023-11-09_20-52-40 - {"e":"aggTrade","E":1699543360832,"s":"BTCUSDT","a":2751806113,"p":"37588.01000000","q":"0.00125000","f":3274449581,"l":3274449581,"T":1699543360831,"m":false,"M":true}
INFO - 119 - 2023-11-09_20-52-40 - {"e":"aggTrade","E":1699543360856,"s":"ETHUSDT","a":955173849,"p":"2036.74000000","q":"0.04230000","f":1227025927,"l":1227025927,"T":1699543360856,"m":true,"M":true}
INFO - 152 - 2023-11-09_20-52-40 - {"e":"aggTrade","E":1699543360866,"s":"BTCUSDT","a":2751806114,"p":"37588.00000000","q":"0.00291000","f":3274449582,"l":3274449582,"T":1699543360865,"m":true,"M":true}
INFO - 186 - 2023-11-09_20-52-40 - {"e":"aggTrade","E":1699543360929,"s":"ETHUSDT","a":955173850,"p":"2036.71000000","q":"5.48600000","f":1227025928,"l":1227025930,"T":1699543360928,"m":false,"M":true}
INFO - 186 - 2023-11-09_20-52-40 - {"e":"aggTrade","E":1699543360929,"s":"ETHUSDT","a":955173851,"p":"2036.74000000","q":"13.28730000","f":1227025931,"l":1227025931,"T":1699543360928,"m":false,"M":true}
INFO - 186 - 2023-11-09_20-52-40 - {"e":"aggTrade","E":1699543360929,"s":"ETHUSDT","a":955173852,"p":"2036.75000000","q":"68.89110000","f":1227025932,"l":1227025945,"T":1699543360928,"m":false,"M":true}
INFO - 186 - 2023-11-09_20-52-40 - {"e":"aggTrade","E":1699543360929,"s":"ETHUSDT","a":955173853,"p":"2036.80000000","q":"1.35370000","f":1227025946,"l":1227025947,"T":1699543360928,"m":false,"M":true}
INFO - 186 - 2023-11-09_20-52-40 - {"e":"aggTrade","E":1699543360929,"s":"ETHUSDT","a":955173854,"p":"2036.81000000","q":"2.22960000","f":1227025948,"l":1227025948,"T":1699543360928,"m":false,"M":true}
INFO - 235 - 2023-11-09_20-52-40 - {"e":"aggTrade","E":1699543360958,"s":"XRPUSDT","a":399206721,"p":"0.69740000","q":"15.00000000","f":563609800,"l":563609800,"T":1699543360957,"m":true,"M":true}
INFO - 237 - 2023-11-09_20-52-40 - {"e":"aggTrade","E":1699543360983,"s":"ETHUSDT","a":955173855,"p":"2037.16000000","q":"0.00400000","f":1227025949,"l":1227025949,"T":1699543360982,"m":false,"M":true}
INFO - 237 - 2023-11-09_20-52-40 - {"e":"aggTrade","E":1699543360983,"s":"ETHUSDT","a":955173856,"p":"2037.35000000","q":"0.06290000","f":1227025950,"l":1227025951,"T":1699543360982,"m":false,"M":true}
INFO - 251 - 2023-11-09_20-52-40 - {"e":"aggTrade","E":1699543360975,"s":"BTCUSDT","a":2751806115,"p":"37588.00000000","q":"0.00014000","f":3274449583,"l":3274449583,"T":1699543360975,"m":true,"M":true}
INFO - 320 - 2023-11-09_20-52-40 - {"e":"aggTrade","E":1699543361059,"s":"XRPUSDT","a":399206722,"p":"0.69750000","q":"374.00000000","f":563609801,"l":563609801,"T":1699543361058,"m":false,"M":true}
INFO - 368 - 2023-11-09_20-52-40 - {"e":"aggTrade","E":1699543361111,"s":"ETHUSDT","a":955173857,"p":"2037.35000000","q":"0.43500000","f":1227025952,"l":1227025952,"T":1699543361110,"m":false,"M":true}
INFO - 416 - 2023-11-09_20-52-40 - {"e":"aggTrade","E":1699543361124,"s":"BTCUSDT","a":2751806116,"p":"37588.01000000","q":"1.38938000","f":3274449584,"l":3274449602,"T":1699543361123,"m":false,"M":true}
INFO - 417 - 2023-11-09_20-52-40 - {"e":"aggTrade","E":1699543361124,"s":"BTCUSDT","a":2751806117,"p":"37588.02000000","q":"0.76749000","f":3274449603,"l":3274449603,"T":1699543361123,"m":false,"M":true}
INFO - 419 - 2023-11-09_20-52-40 - {"e":"aggTrade","E":1699543361124,"s":"BTCUSDT","a":2751806118,"p":"37588.05000000","q":"0.47691000","f":3274449604,"l":3274449604,"T":1699543361123,"m":false,"M":true}
INFO - 419 - 2023-11-09_20-52-40 - {"e":"aggTrade","E":1699543361124,"s":"BTCUSDT","a":2751806119,"p":"37588.85000000","q":"0.01280000","f":3274449605,"l":3274449605,"T":1699543361123,"m":false,"M":true}
INFO - 419 - 2023-11-09_20-52-40 - {"e":"aggTrade","E":1699543361124,"s":"BTCUSDT","a":2751806120,"p":"37588.86000000","q":"1.01936000","f":3274449606,"l":3274449608,"T":1699543361123,"m":false,"M":true}
INFO - 419 - 2023-11-09_20-52-40 - {"e":"aggTrade","E":1699543361124,"s":"BTCUSDT","a":2751806121,"p":"37588.97000000","q":"0.00233000","f":3274449609,"l":3274449609,"T":1699543361123,"m":false,"M":true}
INFO - 419 - 2023-11-09_20-52-40 - {"e":"aggTrade","E":1699543361124,"s":"BTCUSDT","a":2751806122,"p":"37589.76000000","q":"0.13465000","f":3274449610,"l":3274449610,"T":1699543361123,"m":false,"M":true}
INFO - 419 - 2023-11-09_20-52-40 - {"e":"aggTrade","E":1699543361124,"s":"BTCUSDT","a":2751806123,"p":"37590.09000000","q":"0.11200000","f":3274449611,"l":3274449611,"T":1699543361123,"m":false,"M":true}
INFO - 419 - 2023-11-09_20-52-40 - {"e":"aggTrade","E":1699543361124,"s":"BTCUSDT","a":2751806124,"p":"37590.24000000","q":"0.02693000","f":3274449612,"l":3274449612,"T":1699543361123,"m":false,"M":true}
INFO - 419 - 2023-11-09_20-52-40 - {"e":"aggTrade","E":1699543361124,"s":"BTCUSDT","a":2751806125,"p":"37590.68000000","q":"0.01870000","f":3274449613,"l":3274449613,"T":1699543361123,"m":false,"M":true}
INFO - 419 - 2023-11-09_20-52-40 - {"e":"aggTrade","E":1699543361124,"s":"BTCUSDT","a":2751806126,"p":"37590.80000000","q":"0.22980000","f":3274449614,"l":3274449615,"T":1699543361123,"m":false,"M":true}
INFO - 419 - 2023-11-09_20-52-40 - {"e":"aggTrade","E":1699543361124,"s":"BTCUSDT","a":2751806127,"p":"37590.81000000","q":"0.30965000","f":3274449616,"l":3274449616,"T":1699543361123,"m":false,"M":true}
INFO - 419 - 2023-11-09_20-52-40 - {"e":"aggTrade","E":1699543361125,"s":"BTCUSDT","a":2751806128,"p":"37590.81000000","q":"0.00171000","f":3274449617,"l":3274449617,"T":1699543361125,"m":false,"M":true}
INFO - 419 - 2023-11-09_20-52-40 - {"e":"aggTrade","E":1699543361137,"s":"BTCUSDT","a":2751806129,"p":"37590.91000000","q":"0.00039000","f":3274449618,"l":3274449618,"T":1699543361137,"m":false,"M":true}
INFO - 419 - 2023-11-09_20-52-40 - {"e":"aggTrade","E":1699543361146,"s":"BTCUSDT","a":2751806130,"p":"37590.91000000","q":"0.00022000","f":3274449619,"l":3274449619,"T":1699543361146,"m":false,"M":true}
INFO - 435 - 2023-11-09_20-52-40 - {"e":"aggTrade","E":1699543361173,"s":"BTCUSDT","a":2751806131,"p":"37590.90000000","q":"0.00059000","f":3274449620,"l":3274449620,"T":1699543361172,"m":true,"M":true}
INFO - 489 - 2023-11-09_20-52-40 - {"e":"aggTrade","E":1699543361212,"s":"ETHUSDT","a":955173858,"p":"2037.34000000","q":"0.00490000","f":1227025953,"l":1227025953,"T":1699543361211,"m":true,"M":true}
INFO - 489 - 2023-11-09_20-52-40 - {"e":"aggTrade","E":1699543361213,"s":"BTCUSDT","a":2751806132,"p":"37590.90000000","q":"0.00269000","f":3274449621,"l":3274449621,"T":1699543361212,"m":true,"M":true}
INFO - 504 - 2023-11-09_20-52-40 - {"e":"aggTrade","E":1699543361235,"s":"BTCUSDT","a":2751806133,"p":"37590.90000000","q":"0.00030000","f":3274449622,"l":3274449622,"T":1699543361234,"m":true,"M":true}
INFO - 519 - 2023-11-09_20-52-40 - {"e":"aggTrade","E":1699543361248,"s":"BTCUSDT","a":2751806134,"p":"37590.91000000","q":"0.00431000","f":3274449623,"l":3274449624,"T":1699543361248,"m":false,"M":true}
INFO - 519 - 2023-11-09_20-52-40 - {"e":"aggTrade","E":1699543361267,"s":"ETHUSDT","a":955173859,"p":"2037.34000000","q":"11.82180000","f":1227025954,"l":1227025959,"T":1699543361266,"m":true,"M":true}
INFO - 552 - 2023-11-09_20-52-40 - {"e":"aggTrade","E":1699543361296,"s":"XRPUSDT","a":399206723,"p":"0.69740000","q":"170.00000000","f":563609802,"l":563609802,"T":1699543361295,"m":true,"M":true}
INFO - 605 - 2023-11-09_20-52-40 - {"e":"aggTrade","E":1699543361346,"s":"ETHUSDT","a":955173860,"p":"2037.35000000","q":"0.43500000","f":1227025960,"l":1227025961,"T":1699543361345,"m":false,"M":true}
INFO - 619 - 2023-11-09_20-52-40 - {"e":"aggTrade","E":1699543361355,"s":"ETHUSDT","a":955173861,"p":"2037.34000000","q":"0.01100000","f":1227025962,"l":1227025962,"T":1699543361354,"m":true,"M":true}
INFO - 625 - 2023-11-09_20-52-40 - {"e":"aggTrade","E":1699543361362,"s":"ETHUSDT","a":955173862,"p":"2037.34000000","q":"2.18790000","f":1227025963,"l":1227025963,"T":1699543361361,"m":true,"M":true}
INFO - 669 - 2023-11-09_20-52-40 - {"e":"aggTrade","E":1699543361416,"s":"ETHUSDT","a":955173863,"p":"2037.35000000","q":"0.00940000","f":1227025964,"l":1227025964,"T":1699543361415,"m":false,"M":true}
INFO - 684 - 2023-11-09_20-52-40 - {"e":"aggTrade","E":1699543361430,"s":"ETHUSDT","a":955173864,"p":"2037.34000000","q":"0.01560000","f":1227025965,"l":1227025965,"T":1699543361430,"m":true,"M":true}
INFO - 718 - 2023-11-09_20-52-40 - {"e":"aggTrade","E":1699543361453,"s":"BTCUSDT","a":2751806135,"p":"37590.90000000","q":"0.00033000","f":3274449625,"l":3274449625,"T":1699543361452,"m":true,"M":true}
INFO - 753 - 2023-11-09_20-52-40 - {"e":"aggTrade","E":1699543361490,"s":"ETHUSDT","a":955173865,"p":"2037.34000000","q":"0.38080000","f":1227025966,"l":1227025966,"T":1699543361489,"m":true,"M":true}
INFO - 756 - 2023-11-09_20-52-40 - {"e":"aggTrade","E":1699543361494,"s":"ETHUSDT","a":955173866,"p":"2037.35000000","q":"0.48700000","f":1227025967,"l":1227025967,"T":1699543361493,"m":false,"M":true}
INFO - 783 - 2023-11-09_20-52-40 - {"e":"aggTrade","E":1699543361513,"s":"ETHUSDT","a":955173867,"p":"2037.34000000","q":"0.01420000","f":1227025968,"l":1227025968,"T":1699543361512,"m":true,"M":true}
INFO - 783 - 2023-11-09_20-52-40 - {"e":"aggTrade","E":1699543361503,"s":"BTCUSDT","a":2751806136,"p":"37590.90000000","q":"0.00228000","f":3274449626,"l":3274449626,"T":1699543361503,"m":true,"M":true}
INFO - 785 - 2023-11-09_20-52-40 - {"e":"aggTrade","E":1699543361522,"s":"BTCUSDT","a":2751806137,"p":"37590.91000000","q":"0.01330000","f":3274449627,"l":3274449627,"T":1699543361522,"m":false,"M":true}
INFO - 814 - 2023-11-09_20-52-40 - {"e":"aggTrade","E":1699543361549,"s":"ETHUSDT","a":955173868,"p":"2037.34000000","q":"0.03500000","f":1227025969,"l":1227025969,"T":1699543361548,"m":true,"M":true}
INFO - 835 - 2023-11-09_20-52-40 - {"e":"aggTrade","E":1699543361577,"s":"ETHUSDT","a":955173869,"p":"2037.35000000","q":"0.00500000","f":1227025970,"l":1227025970,"T":1699543361576,"m":false,"M":true}
INFO - 835 - 2023-11-09_20-52-40 - {"e":"aggTrade","E":1699543361568,"s":"BTCUSDT","a":2751806138,"p":"37590.90000000","q":"0.00074000","f":3274449628,"l":3274449628,"T":1699543361568,"m":true,"M":true}
INFO - 869 - 2023-11-09_20-52-40 - {"e":"aggTrade","E":1699543361598,"s":"ETHUSDT","a":955173870,"p":"2037.35000000","q":"0.43500000","f":1227025971,"l":1227025971,"T":1699543361597,"m":false,"M":true}
INFO - 27 - 2023-11-09_20-52-41 - {"e":"aggTrade","E":1699543361752,"s":"BTCUSDT","a":2751806139,"p":"37590.91000000","q":"0.01280000","f":3274449629,"l":3274449630,"T":1699543361751,"m":false,"M":true}
INFO - 67 - 2023-11-09_20-52-41 - {"e":"aggTrade","E":1699543361805,"s":"XRPUSDT","a":399206724,"p":"0.69750000","q":"492.00000000","f":563609803,"l":563609803,"T":1699543361803,"m":false,"M":true}
INFO - 67 - 2023-11-09_20-52-41 - {"e":"aggTrade","E":1699543361808,"s":"ETHUSDT","a":955173871,"p":"2037.34000000","q":"0.77170000","f":1227025972,"l":1227025972,"T":1699543361808,"m":true,"M":true}
INFO - 119 - 2023-11-09_20-52-41 - {"e":"aggTrade","E":1699543361868,"s":"ETHUSDT","a":955173872,"p":"2037.35000000","q":"0.43500000","f":1227025973,"l":1227025973,"T":1699543361868,"m":false,"M":true}
INFO - 174 - 2023-11-09_20-52-41 - {"e":"aggTrade","E":1699543361910,"s":"ETHUSDT","a":955173873,"p":"2037.34000000","q":"0.14680000","f":1227025974,"l":1227025974,"T":1699543361909,"m":true,"M":true}
INFO - 202 - 2023-11-09_20-52-41 - {"e":"aggTrade","E":1699543361927,"s":"BTCUSDT","a":2751806140,"p":"37590.90000000","q":"0.00018000","f":3274449631,"l":3274449631,"T":1699543361927,"m":true,"M":true}
INFO - 230 - 2023-11-09_20-52-41 - {"e":"aggTrade","E":1699543361966,"s":"XRPUSDT","a":399206725,"p":"0.69740000","q":"29212.00000000","f":563609804,"l":563609819,"T":1699543361964,"m":true,"M":true}
INFO - 236 - 2023-11-09_20-52-41 - {"e":"aggTrade","E":1699543361972,"s":"ETHUSDT","a":955173874,"p":"2037.35000000","q":"0.88300000","f":1227025975,"l":1227025980,"T":1699543361971,"m":false,"M":true}
INFO - 236 - 2023-11-09_20-52-41 - {"e":"aggTrade","E":1699543361963,"s":"BTCUSDT","a":2751806141,"p":"37590.91000000","q":"0.00216000","f":3274449632,"l":3274449632,"T":1699543361963,"m":false,"M":true}
INFO - 268 - 2023-11-09_20-52-41 - {"e":"aggTrade","E":1699543362006,"s":"ETHUSDT","a":955173875,"p":"2037.35000000","q":"0.00390000","f":1227025981,"l":1227025981,"T":1699543362005,"m":false,"M":true}
INFO - 318 - 2023-11-09_20-52-41 - {"e":"aggTrade","E":1699543362055,"s":"XRPUSDT","a":399206726,"p":"0.69730000","q":"2464.00000000","f":563609820,"l":563609823,"T":1699543362055,"m":true,"M":true}
INFO - 363 - 2023-11-09_20-52-41 - {"e":"aggTrade","E":1699543362088,"s":"BTCUSDT","a":2751806142,"p":"37590.90000000","q":"0.02229000","f":3274449633,"l":3274449633,"T":1699543362087,"m":true,"M":true}
INFO - 363 - 2023-11-09_20-52-41 - {"e":"aggTrade","E":1699543362100,"s":"ETHUSDT","a":955173876,"p":"2037.35000000","q":"0.49080000","f":1227025982,"l":1227025982,"T":1699543362100,"m":false,"M":true}
INFO - 365 - 2023-11-09_20-52-41 - {"e":"aggTrade","E":1699543362088,"s":"BTCUSDT","a":2751806143,"p":"37590.90000000","q":"0.01160000","f":3274449634,"l":3274449634,"T":1699543362087,"m":true,"M":true}
INFO - 369 - 2023-11-09_20-52-41 - {"e":"aggTrade","E":1699543362115,"s":"ETHUSDT","a":955173877,"p":"2037.35000000","q":"0.09600000","f":1227025983,"l":1227025984,"T":1699543362114,"m":false,"M":true}
INFO - 369 - 2023-11-09_20-52-41 - {"e":"aggTrade","E":1699543362118,"s":"ETHUSDT","a":955173878,"p":"2037.35000000","q":"0.01440000","f":1227025985,"l":1227025986,"T":1699543362117,"m":false,"M":true}
INFO - 369 - 2023-11-09_20-52-41 - {"e":"aggTrade","E":1699543362118,"s":"ETHUSDT","a":955173879,"p":"2037.42000000","q":"0.00400000","f":1227025987,"l":1227025987,"T":1699543362117,"m":false,"M":true}
INFO - 382 - 2023-11-09_20-52-41 - {"e":"aggTrade","E":1699543362118,"s":"ETHUSDT","a":955173880,"p":"2037.50000000","q":"0.00920000","f":1227025988,"l":1227025988,"T":1699543362117,"m":false,"M":true}
INFO - 382 - 2023-11-09_20-52-41 - {"e":"aggTrade","E":1699543362119,"s":"ETHUSDT","a":955173881,"p":"2037.50000000","q":"0.04910000","f":1227025989,"l":1227025989,"T":1699543362118,"m":false,"M":true}
INFO - 418 - 2023-11-09_20-52-41 - {"e":"aggTrade","E":1699543362159,"s":"XRPUSDT","a":399206727,"p":"0.69720000","q":"6350.00000000","f":563609824,"l":563609828,"T":1699543362158,"m":true,"M":true}
INFO - 434 - 2023-11-09_20-52-41 - {"e":"aggTrade","E":1699543362156,"s":"BTCUSDT","a":2751806144,"p":"37590.91000000","q":"0.20012000","f":3274449635,"l":3274449638,"T":1699543362155,"m":false,"M":true}
INFO - 469 - 2023-11-09_20-52-41 - {"e":"aggTrade","E":1699543362190,"s":"XRPUSDT","a":399206728,"p":"0.69720000","q":"43.00000000","f":563609829,"l":563609829,"T":1699543362189,"m":false,"M":true}
INFO - 469 - 2023-11-09_20-52-41 - {"e":"aggTrade","E":1699543362197,"s":"ETHUSDT","a":955173882,"p":"2037.52000000","q":"0.01470000","f":1227025990,"l":1227025990,"T":1699543362196,"m":true,"M":true}
INFO - 483 - 2023-11-09_20-52-41 - {"e":"aggTrade","E":1699543362220,"s":"ETHUSDT","a":955173883,"p":"2037.53000000","q":"2.98560000","f":1227025991,"l":1227025994,"T":1699543362219,"m":false,"M":true}
INFO - 485 - 2023-11-09_20-52-41 - {"e":"aggTrade","E":1699543362220,"s":"ETHUSDT","a":955173884,"p":"2037.59000000","q":"0.54550000","f":1227025995,"l":1227025996,"T":1699543362219,"m":false,"M":true}
INFO - 487 - 2023-11-09_20-52-41 - {"e":"aggTrade","E":1699543362220,"s":"ETHUSDT","a":955173885,"p":"2037.60000000","q":"3.14370000","f":1227025997,"l":1227025998,"T":1699543362219,"m":false,"M":true}
INFO - 487 - 2023-11-09_20-52-41 - {"e":"aggTrade","E":1699543362220,"s":"ETHUSDT","a":955173886,"p":"2037.61000000","q":"0.49100000","f":1227025999,"l":1227025999,"T":1699543362219,"m":false,"M":true}
INFO - 506 - 2023-11-09_20-52-41 - {"e":"aggTrade","E":1699543362243,"s":"ETHUSDT","a":955173887,"p":"2037.67000000","q":"0.00960000","f":1227026000,"l":1227026000,"T":1699543362242,"m":false,"M":true}
INFO - 514 - 2023-11-09_20-52-41 - {"e":"aggTrade","E":1699543362243,"s":"ETHUSDT","a":955173888,"p":"2037.71000000","q":"0.90000000","f":1227026001,"l":1227026001,"T":1699543362242,"m":false,"M":true}
INFO - 514 - 2023-11-09_20-52-41 - {"e":"aggTrade","E":1699543362250,"s":"XRPUSDT","a":399206729,"p":"0.69720000","q":"119.00000000","f":563609830,"l":563609830,"T":1699543362249,"m":false,"M":true}
INFO - 515 - 2023-11-09_20-52-41 - {"e":"aggTrade","E":1699543362243,"s":"ETHUSDT","a":955173889,"p":"2037.72000000","q":"0.23780000","f":1227026002,"l":1227026002,"T":1699543362242,"m":false,"M":true}
INFO - 519 - 2023-11-09_20-52-41 - {"e":"aggTrade","E":1699543362261,"s":"ETHUSDT","a":955173890,"p":"2037.71000000","q":"5.00000000","f":1227026003,"l":1227026004,"T":1699543362260,"m":true,"M":true}
INFO - 552 - 2023-11-09_20-52-41 - {"e":"aggTrade","E":1699543362276,"s":"BTCUSDT","a":2751806145,"p":"37590.90000000","q":"0.06729000","f":3274449639,"l":3274449639,"T":1699543362275,"m":true,"M":true}
INFO - 552 - 2023-11-09_20-52-41 - {"e":"aggTrade","E":1699543362278,"s":"BTCUSDT","a":2751806146,"p":"37590.91000000","q":"0.06717000","f":3274449640,"l":3274449640,"T":1699543362277,"m":false,"M":true}
INFO - 552 - 2023-11-09_20-52-41 - {"e":"aggTrade","E":1699543362287,"s":"BTCUSDT","a":2751806147,"p":"37590.91000000","q":"0.04660000","f":3274449641,"l":3274449645,"T":1699543362286,"m":false,"M":true}
INFO - 569 - 2023-11-09_20-52-41 - {"e":"aggTrade","E":1699543362294,"s":"XRPUSDT","a":399206730,"p":"0.69720000","q":"2714.00000000","f":563609831,"l":563609831,"T":1699543362292,"m":false,"M":true}
INFO - 569 - 2023-11-09_20-52-41 - {"e":"aggTrade","E":1699543362287,"s":"BTCUSDT","a":2751806148,"p":"37591.04000000","q":"0.76749000","f":3274449646,"l":3274449646,"T":1699543362286,"m":false,"M":true}
INFO - 569 - 2023-11-09_20-52-41 - {"e":"aggTrade","E":1699543362287,"s":"BTCUSDT","a":2751806149,"p":"37591.11000000","q":"0.72878000","f":3274449647,"l":3274449650,"T":1699543362286,"m":false,"M":true}
INFO - 569 - 2023-11-09_20-52-41 - {"e":"aggTrade","E":1699543362298,"s":"XRPUSDT","a":399206731,"p":"0.69720000","q":"1650.00000000","f":563609832,"l":563609832,"T":1699543362296,"m":false,"M":true}
INFO - 569 - 2023-11-09_20-52-41 - {"e":"aggTrade","E":1699543362294,"s":"BTCUSDT","a":2751806150,"p":"37591.11000000","q":"0.43879000","f":3274449651,"l":3274449651,"T":1699543362292,"m":false,"M":true}
INFO - 584 - 2023-11-09_20-52-41 - {"e":"aggTrade","E":1699543362303,"s":"XRPUSDT","a":399206732,"p":"0.69730000","q":"430.00000000","f":563609833,"l":563609833,"T":1699543362302,"m":false,"M":true}
INFO - 584 - 2023-11-09_20-52-41 - {"e":"aggTrade","E":1699543362298,"s":"BTCUSDT","a":2751806151,"p":"37591.11000000","q":"1.09756000","f":3274449652,"l":3274449653,"T":1699543362296,"m":false,"M":true}
INFO - 584 - 2023-11-09_20-52-41 - {"e":"aggTrade","E":1699543362299,"s":"BTCUSDT","a":2751806152,"p":"37592.50000000","q":"0.00060000","f":3274449654,"l":3274449654,"T":1699543362297,"m":false,"M":true}
INFO - 584 - 2023-11-09_20-52-41 - {"e":"aggTrade","E":1699543362299,"s":"BTCUSDT","a":2751806153,"p":"37593.08000000","q":"0.02693000","f":3274449655,"l":3274449655,"T":1699543362297,"m":false,"M":true}
INFO - 584 - 2023-11-09_20-52-41 - {"e":"aggTrade","E":1699543362299,"s":"BTCUSDT","a":2751806154,"p":"37593.79000000","q":"0.02693000","f":3274449656,"l":3274449656,"T":1699543362297,"m":false,"M":true}
INFO - 603 - 2023-11-09_20-52-41 - {"e":"aggTrade","E":1699543362324,"s":"ETHUSDT","a":955173891,"p":"2037.73000000","q":"0.32910000","f":1227026005,"l":1227026005,"T":1699543362322,"m":true,"M":true}
INFO - 606 - 2023-11-09_20-52-41 - {"e":"aggTrade","E":1699543362334,"s":"ETHUSDT","a":955173892,"p":"2037.74000000","q":"0.00400000","f":1227026006,"l":1227026006,"T":1699543362333,"m":false,"M":true}
INFO - 606 - 2023-11-09_20-52-41 - {"e":"aggTrade","E":1699543362334,"s":"ETHUSDT","a":955173893,"p":"2037.78000000","q":"0.07820000","f":1227026007,"l":1227026007,"T":1699543362333,"m":false,"M":true}
INFO - 606 - 2023-11-09_20-52-41 - {"e":"aggTrade","E":1699543362334,"s":"ETHUSDT","a":955173894,"p":"2037.79000000","q":"0.01000000","f":1227026008,"l":1227026008,"T":1699543362333,"m":false,"M":true}
INFO - 606 - 2023-11-09_20-52-41 - {"e":"aggTrade","E":1699543362302,"s":"BTCUSDT","a":2751806155,"p":"37594.30000000","q":"0.02492000","f":3274449657,"l":3274449657,"T":1699543362300,"m":false,"M":true}
INFO - 606 - 2023-11-09_20-52-41 - {"e":"aggTrade","E":1699543362318,"s":"BTCUSDT","a":2751806156,"p":"37594.30000000","q":"0.00043000","f":3274449658,"l":3274449658,"T":1699543362317,"m":false,"M":true}
INFO - 616 - 2023-11-09_20-52-41 - {"e":"aggTrade","E":1699543362318,"s":"BTCUSDT","a":2751806157,"p":"37594.48000000","q":"0.01348000","f":3274449659,"l":3274449659,"T":1699543362317,"m":false,"M":true}
INFO - 649 - 2023-11-09_20-52-41 - {"e":"aggTrade","E":1699543362386,"s":"ETHUSDT","a":955173895,"p":"2037.72000000","q":"1.69040000","f":1227026009,"l":1227026010,"T":1699543362385,"m":false,"M":true}
INFO - 736 - 2023-11-09_20-52-41 - {"e":"aggTrade","E":1699543362457,"s":"BTCUSDT","a":2751806158,"p":"37594.93000000","q":"0.00060000","f":3274449660,"l":3274449661,"T":1699543362456,"m":false,"M":true}
INFO - 739 - 2023-11-09_20-52-41 - {"e":"aggTrade","E":1699543362457,"s":"BTCUSDT","a":2751806159,"p":"37595.03000000","q":"0.00107000","f":3274449662,"l":3274449662,"T":1699543362456,"m":false,"M":true}
INFO - 740 - 2023-11-09_20-52-41 - {"e":"aggTrade","E":1699543362457,"s":"BTCUSDT","a":2751806160,"p":"37595.04000000","q":"0.00666000","f":3274449663,"l":3274449663,"T":1699543362456,"m":false,"M":true}
INFO - 756 - 2023-11-09_20-52-41 - {"e":"aggTrade","E":1699543362492,"s":"XRPUSDT","a":399206733,"p":"0.69730000","q":"725.00000000","f":563609834,"l":563609834,"T":1699543362492,"m":false,"M":true}
INFO - 814 - 2023-11-09_20-52-41 - {"e":"aggTrade","E":1699543362538,"s":"BTCUSDT","a":2751806161,"p":"37595.21000000","q":"0.00059000","f":3274449664,"l":3274449664,"T":1699543362536,"m":false,"M":true}
INFO - 844 - 2023-11-09_20-52-41 - {"e":"aggTrade","E":1699543362570,"s":"BTCUSDT","a":2751806162,"p":"37595.21000000","q":"0.01003000","f":3274449665,"l":3274449665,"T":1699543362570,"m":false,"M":true}
INFO - 861 - 2023-11-09_20-52-41 - {"e":"aggTrade","E":1699543362586,"s":"BTCUSDT","a":2751806163,"p":"37595.21000000","q":"0.01329000","f":3274449666,"l":3274449666,"T":1699543362585,"m":false,"M":true}
