INFO - 195 - Inside startServer()
INFO - 96 - 2023-11-14_13-22-16 - {"e":"aggTrade","E":1699948335169,"s":"BTCUSDT","a":2756121623,"p":"36679.65000000","q":"0.00067000","f":3279892591,"l":3279892591,"T":1699948335168,"m":false,"M":true}
INFO - 130 - 2023-11-14_13-22-16 - {"e":"aggTrade","E":1699948335200,"s":"ETHUSDT","a":958198900,"p":"2060.00000000","q":"0.05090000","f":1231239044,"l":1231239044,"T":1699948335200,"m":false,"M":true}
INFO - 361 - 2023-11-14_13-22-16 - {"e":"aggTrade","E":1699948335434,"s":"BTCUSDT","a":2756121624,"p":"36679.93000000","q":"0.00648000","f":3279892592,"l":3279892593,"T":1699948335433,"m":true,"M":true}
INFO - 398 - 2023-11-14_13-22-16 - {"e":"aggTrade","E":1699948335456,"s":"BTCUSDT","a":2756121625,"p":"36679.93000000","q":"0.01047000","f":3279892594,"l":3279892594,"T":1699948335455,"m":true,"M":true}
INFO - 415 - 2023-11-14_13-22-16 - {"e":"aggTrade","E":1699948335483,"s":"BTCUSDT","a":2756121626,"p":"36679.93000000","q":"0.01048000","f":3279892595,"l":3279892595,"T":1699948335482,"m":true,"M":true}
INFO - 432 - 2023-11-14_13-22-16 - {"e":"aggTrade","E":1699948335503,"s":"BTCUSDT","a":2756121627,"p":"36679.93000000","q":"0.01048000","f":3279892596,"l":3279892596,"T":1699948335502,"m":true,"M":true}
INFO - 482 - 2023-11-14_13-22-16 - {"e":"aggTrade","E":1699948335551,"s":"BTCUSDT","a":2756121628,"p":"36679.93000000","q":"0.01049000","f":3279892597,"l":3279892597,"T":1699948335551,"m":true,"M":true}
INFO - 549 - 2023-11-14_13-22-16 - {"e":"aggTrade","E":1699948335618,"s":"ETHUSDT","a":958198901,"p":"2059.99000000","q":"0.02770000","f":1231239045,"l":1231239045,"T":1699948335617,"m":true,"M":true}
INFO - 714 - 2023-11-14_13-22-16 - {"e":"aggTrade","E":1699948335772,"s":"BTCUSDT","a":2756121629,"p":"36679.94000000","q":"0.00352000","f":3279892598,"l":3279892598,"T":1699948335771,"m":false,"M":true}
INFO - 714 - 2023-11-14_13-22-16 - {"e":"aggTrade","E":1699948335780,"s":"BTCUSDT","a":2756121630,"p":"36679.94000000","q":"0.00021000","f":3279892599,"l":3279892599,"T":1699948335779,"m":false,"M":true}
INFO - 784 - 2023-11-14_13-22-16 - {"e":"aggTrade","E":1699948335843,"s":"BTCUSDT","a":2756121631,"p":"36679.94000000","q":"0.00160000","f":3279892600,"l":3279892601,"T":1699948335843,"m":false,"M":true}
INFO - 784 - 2023-11-14_13-22-16 - {"e":"aggTrade","E":1699948335843,"s":"BTCUSDT","a":2756121632,"p":"36680.00000000","q":"0.00050000","f":3279892602,"l":3279892602,"T":1699948335843,"m":false,"M":true}
INFO - 784 - 2023-11-14_13-22-16 - {"e":"aggTrade","E":1699948335843,"s":"BTCUSDT","a":2756121633,"p":"36680.07000000","q":"0.00067000","f":3279892603,"l":3279892603,"T":1699948335843,"m":false,"M":true}
INFO - 784 - 2023-11-14_13-22-16 - {"e":"aggTrade","E":1699948335843,"s":"BTCUSDT","a":2756121634,"p":"36680.28000000","q":"0.00159000","f":3279892604,"l":3279892604,"T":1699948335843,"m":false,"M":true}
INFO - 817 - 2023-11-14_13-22-16 - {"e":"aggTrade","E":1699948335875,"s":"BTCUSDT","a":2756121635,"p":"36680.48000000","q":"0.00573000","f":3279892605,"l":3279892605,"T":1699948335874,"m":true,"M":true}
INFO - 830 - 2023-11-14_13-22-16 - {"e":"aggTrade","E":1699948335889,"s":"BTCUSDT","a":2756121636,"p":"36680.49000000","q":"0.00067000","f":3279892606,"l":3279892606,"T":1699948335888,"m":false,"M":true}
INFO - 833 - 2023-11-14_13-22-16 - {"e":"aggTrade","E":1699948335889,"s":"BTCUSDT","a":2756121637,"p":"36680.54000000","q":"0.00049000","f":3279892607,"l":3279892607,"T":1699948335888,"m":false,"M":true}
INFO - 835 - 2023-11-14_13-22-16 - {"e":"aggTrade","E":1699948335889,"s":"BTCUSDT","a":2756121638,"p":"36680.54000000","q":"0.00450000","f":3279892608,"l":3279892608,"T":1699948335888,"m":false,"M":true}
INFO - 837 - 2023-11-14_13-22-16 - {"e":"aggTrade","E":1699948335889,"s":"BTCUSDT","a":2756121639,"p":"36680.81000000","q":"0.00020000","f":3279892609,"l":3279892609,"T":1699948335888,"m":false,"M":true}
INFO - 838 - 2023-11-14_13-22-16 - {"e":"aggTrade","E":1699948335889,"s":"BTCUSDT","a":2756121640,"p":"36680.91000000","q":"0.00067000","f":3279892610,"l":3279892610,"T":1699948335888,"m":false,"M":true}
INFO - 839 - 2023-11-14_13-22-16 - {"e":"aggTrade","E":1699948335889,"s":"BTCUSDT","a":2756121641,"p":"36681.04000000","q":"0.00159000","f":3279892611,"l":3279892611,"T":1699948335888,"m":false,"M":true}
INFO - 96 - 2023-11-14_13-22-17 - {"e":"aggTrade","E":1699948336155,"s":"BTCUSDT","a":2756121642,"p":"36681.10000000","q":"0.00218000","f":3279892612,"l":3279892612,"T":1699948336154,"m":false,"M":true}
INFO - 97 - 2023-11-14_13-22-17 - {"e":"aggTrade","E":1699948336157,"s":"BTCUSDT","a":2756121643,"p":"36681.10000000","q":"0.00055000","f":3279892613,"l":3279892613,"T":1699948336156,"m":false,"M":true}
INFO - 456 - 2023-11-14_13-22-17 - {"e":"aggTrade","E":1699948336523,"s":"ETHUSDT","a":958198902,"p":"2060.00000000","q":"5.00000000","f":1231239046,"l":1231239046,"T":1699948336522,"m":false,"M":true}
INFO - 630 - 2023-11-14_13-22-17 - {"e":"aggTrade","E":1699948336673,"s":"XRPUSDT","a":400378779,"p":"0.66380000","q":"1845.00000000","f":565826154,"l":565826157,"T":1699948336673,"m":false,"M":true}
INFO - 667 - 2023-11-14_13-22-17 - {"e":"aggTrade","E":1699948336727,"s":"BTCUSDT","a":2756121644,"p":"36681.10000000","q":"0.00053000","f":3279892614,"l":3279892614,"T":1699948336726,"m":false,"M":true}
INFO - 716 - 2023-11-14_13-22-17 - {"e":"aggTrade","E":1699948336763,"s":"XRPUSDT","a":400378780,"p":"0.66370000","q":"3894.00000000","f":565826158,"l":565826161,"T":1699948336763,"m":true,"M":true}
INFO - 829 - 2023-11-14_13-22-17 - {"e":"aggTrade","E":1699948336888,"s":"BTCUSDT","a":2756121645,"p":"36681.09000000","q":"0.00045000","f":3279892615,"l":3279892615,"T":1699948336887,"m":true,"M":true}
INFO - 863 - 2023-11-14_13-22-17 - {"e":"aggTrade","E":1699948336921,"s":"BTCUSDT","a":2756121646,"p":"36681.10000000","q":"0.01365000","f":3279892616,"l":3279892616,"T":1699948336921,"m":false,"M":true}
INFO - 897 - 2023-11-14_13-22-17 - {"e":"aggTrade","E":1699948336963,"s":"BTCUSDT","a":2756121647,"p":"36681.09000000","q":"0.00227000","f":3279892617,"l":3279892617,"T":1699948336963,"m":true,"M":true}
INFO - 67 - 2023-11-14_13-22-18 - {"e":"aggTrade","E":1699948337126,"s":"BTCUSDT","a":2756121648,"p":"36681.10000000","q":"0.00127000","f":3279892618,"l":3279892618,"T":1699948337125,"m":false,"M":true}
INFO - 130 - 2023-11-14_13-22-18 - {"e":"aggTrade","E":1699948337183,"s":"XRPUSDT","a":400378781,"p":"0.66370000","q":"139.00000000","f":565826162,"l":565826162,"T":1699948337183,"m":true,"M":true}
INFO - 179 - 2023-11-14_13-22-18 - {"e":"aggTrade","E":1699948337230,"s":"XRPUSDT","a":400378782,"p":"0.66370000","q":"10.00000000","f":565826163,"l":565826163,"T":1699948337230,"m":true,"M":true}
INFO - 399 - 2023-11-14_13-22-18 - {"e":"aggTrade","E":1699948337458,"s":"BTCUSDT","a":2756121649,"p":"36681.09000000","q":"0.00670000","f":3279892619,"l":3279892620,"T":1699948337457,"m":true,"M":true}
INFO - 596 - 2023-11-14_13-22-18 - {"e":"aggTrade","E":1699948337641,"s":"XRPUSDT","a":400378783,"p":"0.66380000","q":"1340.00000000","f":565826164,"l":565826164,"T":1699948337641,"m":false,"M":true}
INFO - 619 - 2023-11-14_13-22-18 - {"e":"aggTrade","E":1699948337683,"s":"BTCUSDT","a":2756121650,"p":"36681.09000000","q":"0.30254000","f":3279892621,"l":3279892621,"T":1699948337683,"m":true,"M":true}
INFO - 651 - 2023-11-14_13-22-18 - {"e":"aggTrade","E":1699948337711,"s":"BTCUSDT","a":2756121651,"p":"36681.10000000","q":"0.00385000","f":3279892622,"l":3279892622,"T":1699948337711,"m":false,"M":true}
INFO - 819 - 2023-11-14_13-22-18 - {"e":"aggTrade","E":1699948337878,"s":"BTCUSDT","a":2756121652,"p":"36681.09000000","q":"0.00052000","f":3279892623,"l":3279892623,"T":1699948337877,"m":true,"M":true}
INFO - 867 - 2023-11-14_13-22-18 - {"e":"aggTrade","E":1699948337935,"s":"BTCUSDT","a":2756121653,"p":"36681.09000000","q":"0.00844000","f":3279892624,"l":3279892624,"T":1699948337935,"m":true,"M":true}
INFO - 249 - 2023-11-14_13-22-19 - {"e":"aggTrade","E":1699948338307,"s":"BTCUSDT","a":2756121654,"p":"36681.10000000","q":"0.00622000","f":3279892625,"l":3279892625,"T":1699948338306,"m":false,"M":true}
INFO - 286 - 2023-11-14_13-22-19 - {"e":"aggTrade","E":1699948338353,"s":"ETHUSDT","a":958198903,"p":"2060.00000000","q":"5.00000000","f":1231239047,"l":1231239047,"T":1699948338353,"m":false,"M":true}
INFO - 582 - 2023-11-14_13-22-19 - {"e":"aggTrade","E":1699948338641,"s":"BTCUSDT","a":2756121655,"p":"36681.10000000","q":"0.00298000","f":3279892626,"l":3279892626,"T":1699948338641,"m":false,"M":true}
INFO - 605 - 2023-11-14_13-22-19 - {"e":"aggTrade","E":1699948338663,"s":"BTCUSDT","a":2756121656,"p":"36681.10000000","q":"0.00298000","f":3279892627,"l":3279892627,"T":1699948338662,"m":false,"M":true}
INFO - 800 - 2023-11-14_13-22-19 - {"e":"aggTrade","E":1699948338868,"s":"BTCUSDT","a":2756121657,"p":"36681.10000000","q":"0.00195000","f":3279892628,"l":3279892628,"T":1699948338868,"m":false,"M":true}
INFO - 816 - 2023-11-14_13-22-19 - {"e":"aggTrade","E":1699948338883,"s":"ETHUSDT","a":958198904,"p":"2059.99000000","q":"32.42530000","f":1231239048,"l":1231239058,"T":1699948338882,"m":true,"M":true}
INFO - 832 - 2023-11-14_13-22-19 - {"e":"aggTrade","E":1699948338883,"s":"ETHUSDT","a":958198905,"p":"2059.99000000","q":"0.01000000","f":1231239059,"l":1231239059,"T":1699948338883,"m":true,"M":true}
INFO - 902 - 2023-11-14_13-22-19 - {"e":"aggTrade","E":1699948338960,"s":"BTCUSDT","a":2756121658,"p":"36681.10000000","q":"0.02725000","f":3279892629,"l":3279892629,"T":1699948338959,"m":false,"M":true}
INFO - 201 - 2023-11-14_13-22-20 - {"e":"aggTrade","E":1699948339267,"s":"BTCUSDT","a":2756121659,"p":"36681.10000000","q":"0.01695000","f":3279892630,"l":3279892630,"T":1699948339266,"m":false,"M":true}
INFO - 201 - 2023-11-14_13-22-20 - {"e":"aggTrade","E":1699948339266,"s":"ETHUSDT","a":958198906,"p":"2059.99000000","q":"0.77150000","f":1231239060,"l":1231239060,"T":1699948339266,"m":true,"M":true}
INFO - 247 - 2023-11-14_13-22-20 - {"e":"aggTrade","E":1699948339297,"s":"XRPUSDT","a":400378784,"p":"0.66370000","q":"32.00000000","f":565826165,"l":565826165,"T":1699948339296,"m":true,"M":true}
INFO - 567 - 2023-11-14_13-22-20 - {"e":"aggTrade","E":1699948339634,"s":"BTCUSDT","a":2756121660,"p":"36681.10000000","q":"0.00111000","f":3279892631,"l":3279892631,"T":1699948339633,"m":false,"M":true}
INFO - 949 - 2023-11-14_13-22-20 - {"e":"aggTrade","E":1699948340015,"s":"ETHUSDT","a":958198907,"p":"2059.99000000","q":"0.01810000","f":1231239061,"l":1231239061,"T":1699948340014,"m":true,"M":true}
INFO - 997 - 2023-11-14_13-22-20 - {"e":"aggTrade","E":1699948340064,"s":"ETHUSDT","a":958198908,"p":"2060.00000000","q":"0.04680000","f":1231239062,"l":1231239064,"T":1699948340063,"m":false,"M":true}
INFO - 46 - 2023-11-14_13-22-21 - {"e":"aggTrade","E":1699948340105,"s":"BTCUSDT","a":2756121661,"p":"36681.10000000","q":"0.00262000","f":3279892632,"l":3279892633,"T":1699948340104,"m":false,"M":true}
INFO - 172 - 2023-11-14_13-22-21 - {"e":"aggTrade","E":1699948340221,"s":"XRPUSDT","a":400378785,"p":"0.66370000","q":"152.00000000","f":565826166,"l":565826166,"T":1699948340221,"m":true,"M":true}
INFO - 264 - 2023-11-14_13-22-21 - {"e":"aggTrade","E":1699948340319,"s":"XRPUSDT","a":400378786,"p":"0.66370000","q":"120.00000000","f":565826167,"l":565826167,"T":1699948340318,"m":true,"M":true}
INFO - 426 - 2023-11-14_13-22-21 - {"e":"aggTrade","E":1699948340489,"s":"BTCUSDT","a":2756121662,"p":"36681.10000000","q":"0.00033000","f":3279892634,"l":3279892634,"T":1699948340488,"m":false,"M":true}
INFO - 642 - 2023-11-14_13-22-21 - {"e":"aggTrade","E":1699948340714,"s":"BTCUSDT","a":2756121663,"p":"36681.09000000","q":"0.00950000","f":3279892635,"l":3279892635,"T":1699948340713,"m":true,"M":true}
INFO - 795 - 2023-11-14_13-22-21 - {"e":"aggTrade","E":1699948340852,"s":"XRPUSDT","a":400378787,"p":"0.66380000","q":"16.00000000","f":565826168,"l":565826168,"T":1699948340851,"m":false,"M":true}
INFO - 39 - 2023-11-14_13-22-22 - {"e":"aggTrade","E":1699948341107,"s":"BTCUSDT","a":2756121664,"p":"36681.10000000","q":"0.00060000","f":3279892636,"l":3279892636,"T":1699948341106,"m":false,"M":true}
INFO - 758 - 2023-11-14_13-22-22 - {"e":"aggTrade","E":1699948341828,"s":"BTCUSDT","a":2756121665,"p":"36681.10000000","q":"0.00068000","f":3279892637,"l":3279892637,"T":1699948341827,"m":false,"M":true}
INFO - 193 - 2023-11-14_13-22-23 - {"e":"aggTrade","E":1699948342255,"s":"ETHUSDT","a":958198909,"p":"2060.00000000","q":"0.21180000","f":1231239065,"l":1231239065,"T":1699948342254,"m":false,"M":true}
INFO - 193 - 2023-11-14_13-22-23 - {"e":"aggTrade","E":1699948342265,"s":"BTCUSDT","a":2756121666,"p":"36681.10000000","q":"0.01704000","f":3279892638,"l":3279892639,"T":1699948342265,"m":false,"M":true}
INFO - 296 - 2023-11-14_13-22-23 - {"e":"aggTrade","E":1699948342367,"s":"ETHUSDT","a":958198910,"p":"2059.99000000","q":"0.08250000","f":1231239066,"l":1231239066,"T":1699948342366,"m":true,"M":true}
INFO - 758 - 2023-11-14_13-22-24 - {"e":"aggTrade","E":1699948343827,"s":"BTCUSDT","a":2756121667,"p":"36681.09000000","q":"0.00370000","f":3279892640,"l":3279892640,"T":1699948343826,"m":true,"M":true}
INFO - 829 - 2023-11-14_13-22-24 - {"e":"aggTrade","E":1699948343897,"s":"BTCUSDT","a":2756121668,"p":"36681.09000000","q":"0.00028000","f":3279892641,"l":3279892641,"T":1699948343896,"m":true,"M":true}
INFO - 275 - 2023-11-14_13-22-25 - {"e":"aggTrade","E":1699948344333,"s":"XRPUSDT","a":400378788,"p":"0.66370000","q":"75.00000000","f":565826169,"l":565826169,"T":1699948344333,"m":true,"M":true}
INFO - 396 - 2023-11-14_13-22-25 - {"e":"aggTrade","E":1699948344457,"s":"BTCUSDT","a":2756121669,"p":"36681.09000000","q":"0.00250000","f":3279892642,"l":3279892642,"T":1699948344456,"m":true,"M":true}
INFO - 523 - 2023-11-14_13-22-25 - {"e":"aggTrade","E":1699948344582,"s":"BTCUSDT","a":2756121670,"p":"36681.10000000","q":"0.00081000","f":3279892643,"l":3279892643,"T":1699948344581,"m":false,"M":true}
INFO - 524 - 2023-11-14_13-22-25 - {"e":"aggTrade","E":1699948344583,"s":"BTCUSDT","a":2756121671,"p":"36681.10000000","q":"0.00218000","f":3279892644,"l":3279892644,"T":1699948344583,"m":false,"M":true}
INFO - 526 - 2023-11-14_13-22-25 - {"e":"aggTrade","E":1699948344585,"s":"BTCUSDT","a":2756121672,"p":"36681.10000000","q":"0.00055000","f":3279892645,"l":3279892645,"T":1699948344584,"m":false,"M":true}
INFO - 611 - 2023-11-14_13-22-25 - {"e":"aggTrade","E":1699948344671,"s":"BTCUSDT","a":2756121673,"p":"36681.10000000","q":"0.00218000","f":3279892646,"l":3279892646,"T":1699948344670,"m":false,"M":true}
INFO - 614 - 2023-11-14_13-22-25 - {"e":"aggTrade","E":1699948344672,"s":"BTCUSDT","a":2756121674,"p":"36681.10000000","q":"0.00055000","f":3279892647,"l":3279892647,"T":1699948344672,"m":false,"M":true}
INFO - 615 - 2023-11-14_13-22-25 - {"e":"aggTrade","E":1699948344673,"s":"BTCUSDT","a":2756121675,"p":"36681.10000000","q":"0.00218000","f":3279892648,"l":3279892648,"T":1699948344672,"m":false,"M":true}
INFO - 616 - 2023-11-14_13-22-25 - {"e":"aggTrade","E":1699948344674,"s":"BTCUSDT","a":2756121676,"p":"36681.10000000","q":"0.00054000","f":3279892649,"l":3279892649,"T":1699948344674,"m":false,"M":true}
INFO - 697 - 2023-11-14_13-22-25 - {"e":"aggTrade","E":1699948344764,"s":"BTCUSDT","a":2756121677,"p":"36681.10000000","q":"0.00087000","f":3279892650,"l":3279892650,"T":1699948344763,"m":false,"M":true}
INFO - 697 - 2023-11-14_13-22-25 - {"e":"aggTrade","E":1699948344765,"s":"BTCUSDT","a":2756121678,"p":"36681.10000000","q":"0.00218000","f":3279892651,"l":3279892651,"T":1699948344764,"m":false,"M":true}
INFO - 697 - 2023-11-14_13-22-25 - {"e":"aggTrade","E":1699948344767,"s":"BTCUSDT","a":2756121679,"p":"36681.10000000","q":"0.00054000","f":3279892652,"l":3279892652,"T":1699948344766,"m":false,"M":true}
INFO - 796 - 2023-11-14_13-22-25 - {"e":"aggTrade","E":1699948344855,"s":"BTCUSDT","a":2756121680,"p":"36681.10000000","q":"0.00100000","f":3279892653,"l":3279892653,"T":1699948344855,"m":false,"M":true}
INFO - 880 - 2023-11-14_13-22-25 - {"e":"aggTrade","E":1699948344947,"s":"ETHUSDT","a":958198911,"p":"2060.00000000","q":"3.79390000","f":1231239067,"l":1231239067,"T":1699948344946,"m":false,"M":true}
INFO - 150 - 2023-11-14_13-22-26 - {"e":"aggTrade","E":1699948345202,"s":"BTCUSDT","a":2756121681,"p":"36681.10000000","q":"0.00173000","f":3279892654,"l":3279892654,"T":1699948345198,"m":false,"M":true}
INFO - 519 - 2023-11-14_13-22-26 - {"e":"aggTrade","E":1699948345578,"s":"BTCUSDT","a":2756121682,"p":"36681.09000000","q":"0.00095000","f":3279892655,"l":3279892655,"T":1699948345577,"m":true,"M":true}
INFO - 98 - 2023-11-14_13-22-27 - {"e":"aggTrade","E":1699948346158,"s":"BTCUSDT","a":2756121683,"p":"36681.10000000","q":"0.00062000","f":3279892656,"l":3279892656,"T":1699948346156,"m":false,"M":true}
INFO - 116 - 2023-11-14_13-22-27 - {"e":"aggTrade","E":1699948346167,"s":"XRPUSDT","a":400378789,"p":"0.66370000","q":"2297.00000000","f":565826170,"l":565826170,"T":1699948346166,"m":true,"M":true}
INFO - 413 - 2023-11-14_13-22-27 - {"e":"aggTrade","E":1699948346475,"s":"XRPUSDT","a":400378790,"p":"0.66370000","q":"3400.00000000","f":565826171,"l":565826171,"T":1699948346475,"m":true,"M":true}
INFO - 511 - 2023-11-14_13-22-27 - {"e":"aggTrade","E":1699948346569,"s":"BTCUSDT","a":2756121684,"p":"36681.09000000","q":"0.00026000","f":3279892657,"l":3279892657,"T":1699948346568,"m":true,"M":true}
INFO - 575 - 2023-11-14_13-22-27 - {"e":"aggTrade","E":1699948346633,"s":"ETHUSDT","a":958198912,"p":"2060.00000000","q":"0.24340000","f":1231239068,"l":1231239068,"T":1699948346633,"m":false,"M":true}
INFO - 54 - 2023-11-14_13-22-28 - {"e":"aggTrade","E":1699948347115,"s":"BTCUSDT","a":2756121685,"p":"36681.09000000","q":"0.02020000","f":3279892658,"l":3279892658,"T":1699948347115,"m":true,"M":true}
INFO - 147 - 2023-11-14_13-22-28 - {"e":"aggTrade","E":1699948347209,"s":"ETHUSDT","a":958198913,"p":"2059.99000000","q":"0.24060000","f":1231239069,"l":1231239069,"T":1699948347209,"m":true,"M":true}
INFO - 248 - 2023-11-14_13-22-28 - {"e":"aggTrade","E":1699948347314,"s":"BTCUSDT","a":2756121686,"p":"36681.10000000","q":"0.00037000","f":3279892659,"l":3279892659,"T":1699948347314,"m":false,"M":true}
INFO - 317 - 2023-11-14_13-22-28 - {"e":"aggTrade","E":1699948347372,"s":"XRPUSDT","a":400378791,"p":"0.66380000","q":"668.00000000","f":565826172,"l":565826172,"T":1699948347372,"m":false,"M":true}
INFO - 590 - 2023-11-14_13-22-28 - {"e":"aggTrade","E":1699948347644,"s":"XRPUSDT","a":400378792,"p":"0.66380000","q":"1340.00000000","f":565826173,"l":565826173,"T":1699948347643,"m":false,"M":true}
INFO - 679 - 2023-11-14_13-22-28 - {"e":"aggTrade","E":1699948347736,"s":"XRPUSDT","a":400378793,"p":"0.66380000","q":"83.00000000","f":565826174,"l":565826174,"T":1699948347735,"m":false,"M":true}
INFO - 748 - 2023-11-14_13-22-28 - {"e":"aggTrade","E":1699948347804,"s":"ETHUSDT","a":958198914,"p":"2059.99000000","q":"0.04500000","f":1231239070,"l":1231239070,"T":1699948347804,"m":true,"M":true}
INFO - 748 - 2023-11-14_13-22-28 - {"e":"aggTrade","E":1699948347815,"s":"ETHUSDT","a":958198915,"p":"2059.99000000","q":"0.01220000","f":1231239071,"l":1231239071,"T":1699948347815,"m":true,"M":true}
INFO - 37 - 2023-11-14_13-22-29 - {"e":"aggTrade","E":1699948348096,"s":"BTCUSDT","a":2756121687,"p":"36681.10000000","q":"0.00104000","f":3279892660,"l":3279892660,"T":1699948348095,"m":false,"M":true}
INFO - 165 - 2023-11-14_13-22-29 - {"e":"aggTrade","E":1699948348223,"s":"ETHUSDT","a":958198916,"p":"2059.99000000","q":"0.03200000","f":1231239072,"l":1231239072,"T":1699948348222,"m":true,"M":true}
INFO - 268 - 2023-11-14_13-22-29 - {"e":"aggTrade","E":1699948348327,"s":"BTCUSDT","a":2756121688,"p":"36681.10000000","q":"0.00037000","f":3279892661,"l":3279892661,"T":1699948348326,"m":false,"M":true}
INFO - 539 - 2023-11-14_13-22-29 - {"e":"aggTrade","E":1699948348597,"s":"BTCUSDT","a":2756121689,"p":"36681.10000000","q":"0.00062000","f":3279892662,"l":3279892662,"T":1699948348597,"m":false,"M":true}
INFO - 544 - 2023-11-14_13-22-29 - {"e":"aggTrade","E":1699948348602,"s":"BTCUSDT","a":2756121690,"p":"36681.09000000","q":"0.00567000","f":3279892663,"l":3279892663,"T":1699948348601,"m":true,"M":true}
INFO - 927 - 2023-11-14_13-22-29 - {"e":"aggTrade","E":1699948348985,"s":"BTCUSDT","a":2756121691,"p":"36681.10000000","q":"0.00025000","f":3279892664,"l":3279892664,"T":1699948348985,"m":false,"M":true}
INFO - 124 - 2023-11-14_13-22-30 - {"e":"aggTrade","E":1699948349175,"s":"XRPUSDT","a":400378794,"p":"0.66370000","q":"33.00000000","f":565826175,"l":565826175,"T":1699948349175,"m":true,"M":true}
INFO - 303 - 2023-11-14_13-22-30 - {"e":"aggTrade","E":1699948349363,"s":"BTCUSDT","a":2756121692,"p":"36681.10000000","q":"0.00070000","f":3279892665,"l":3279892665,"T":1699948349363,"m":false,"M":true}
INFO - 96 - 2023-11-14_13-22-31 - {"e":"aggTrade","E":1699948350166,"s":"BTCUSDT","a":2756121693,"p":"36681.10000000","q":"0.00352000","f":3279892666,"l":3279892666,"T":1699948350165,"m":false,"M":true}
INFO - 195 - 2023-11-14_13-22-31 - {"e":"aggTrade","E":1699948350261,"s":"BTCUSDT","a":2756121694,"p":"36681.10000000","q":"0.00034000","f":3279892667,"l":3279892667,"T":1699948350261,"m":false,"M":true}
INFO - 228 - 2023-11-14_13-22-31 - {"e":"aggTrade","E":1699948350286,"s":"BTCUSDT","a":2756121695,"p":"36681.10000000","q":"0.00034000","f":3279892668,"l":3279892668,"T":1699948350286,"m":false,"M":true}
INFO - 252 - 2023-11-14_13-22-31 - {"e":"aggTrade","E":1699948350311,"s":"BTCUSDT","a":2756121696,"p":"36681.10000000","q":"0.00034000","f":3279892669,"l":3279892669,"T":1699948350311,"m":false,"M":true}
INFO - 276 - 2023-11-14_13-22-31 - {"e":"aggTrade","E":1699948350335,"s":"BTCUSDT","a":2756121697,"p":"36681.10000000","q":"0.00034000","f":3279892670,"l":3279892670,"T":1699948350335,"m":false,"M":true}
INFO - 459 - 2023-11-14_13-22-31 - {"e":"aggTrade","E":1699948350530,"s":"BTCUSDT","a":2756121698,"p":"36681.10000000","q":"0.27261000","f":3279892671,"l":3279892673,"T":1699948350530,"m":false,"M":true}
INFO - 610 - 2023-11-14_13-22-31 - {"e":"aggTrade","E":1699948350668,"s":"BTCUSDT","a":2756121699,"p":"36681.09000000","q":"0.00450000","f":3279892674,"l":3279892674,"T":1699948350667,"m":true,"M":true}
INFO - 972 - 2023-11-14_13-22-31 - {"e":"aggTrade","E":1699948351032,"s":"BTCUSDT","a":2756121700,"p":"36681.10000000","q":"0.00062000","f":3279892675,"l":3279892675,"T":1699948351032,"m":false,"M":true}
INFO - 90 - 2023-11-14_13-22-32 - {"e":"aggTrade","E":1699948351139,"s":"ETHUSDT","a":958198917,"p":"2060.00000000","q":"0.00890000","f":1231239073,"l":1231239073,"T":1699948351139,"m":false,"M":true}
INFO - 580 - 2023-11-14_13-22-32 - {"e":"aggTrade","E":1699948351638,"s":"BTCUSDT","a":2756121701,"p":"36681.10000000","q":"0.00034000","f":3279892676,"l":3279892676,"T":1699948351637,"m":false,"M":true}
INFO - 606 - 2023-11-14_13-22-32 - {"e":"aggTrade","E":1699948351664,"s":"BTCUSDT","a":2756121702,"p":"36681.10000000","q":"0.00034000","f":3279892677,"l":3279892677,"T":1699948351664,"m":false,"M":true}
INFO - 629 - 2023-11-14_13-22-32 - {"e":"aggTrade","E":1699948351690,"s":"BTCUSDT","a":2756121703,"p":"36681.10000000","q":"0.00034000","f":3279892678,"l":3279892678,"T":1699948351689,"m":false,"M":true}
INFO - 644 - 2023-11-14_13-22-32 - {"e":"aggTrade","E":1699948351708,"s":"ETHUSDT","a":958198918,"p":"2059.99000000","q":"31.19700000","f":1231239074,"l":1231239096,"T":1699948351705,"m":true,"M":true}
INFO - 644 - 2023-11-14_13-22-32 - {"e":"aggTrade","E":1699948351708,"s":"ETHUSDT","a":958198919,"p":"2059.98000000","q":"5.43520000","f":1231239097,"l":1231239097,"T":1699948351705,"m":true,"M":true}
INFO - 644 - 2023-11-14_13-22-32 - {"e":"aggTrade","E":1699948351708,"s":"ETHUSDT","a":958198920,"p":"2059.96000000","q":"6.90190000","f":1231239098,"l":1231239117,"T":1699948351705,"m":true,"M":true}
INFO - 644 - 2023-11-14_13-22-32 - {"e":"aggTrade","E":1699948351708,"s":"ETHUSDT","a":958198921,"p":"2059.93000000","q":"0.00830000","f":1231239118,"l":1231239118,"T":1699948351705,"m":true,"M":true}
INFO - 644 - 2023-11-14_13-22-32 - {"e":"aggTrade","E":1699948351708,"s":"ETHUSDT","a":958198922,"p":"2059.92000000","q":"0.78320000","f":1231239119,"l":1231239119,"T":1699948351705,"m":true,"M":true}
INFO - 644 - 2023-11-14_13-22-32 - {"e":"aggTrade","E":1699948351708,"s":"ETHUSDT","a":958198923,"p":"2059.91000000","q":"5.67440000","f":1231239120,"l":1231239120,"T":1699948351705,"m":true,"M":true}
INFO - 644 - 2023-11-14_13-22-32 - {"e":"aggTrade","E":1699948351717,"s":"BTCUSDT","a":2756121704,"p":"36681.10000000","q":"0.00034000","f":3279892679,"l":3279892679,"T":1699948351716,"m":false,"M":true}
INFO - 677 - 2023-11-14_13-22-32 - {"e":"aggTrade","E":1699948351741,"s":"BTCUSDT","a":2756121705,"p":"36681.10000000","q":"0.00034000","f":3279892680,"l":3279892680,"T":1699948351740,"m":false,"M":true}
INFO - 710 - 2023-11-14_13-22-32 - {"e":"aggTrade","E":1699948351769,"s":"BTCUSDT","a":2756121706,"p":"36681.10000000","q":"0.00034000","f":3279892681,"l":3279892681,"T":1699948351768,"m":false,"M":true}
INFO - 728 - 2023-11-14_13-22-32 - {"e":"aggTrade","E":1699948351793,"s":"BTCUSDT","a":2756121707,"p":"36681.10000000","q":"0.00034000","f":3279892682,"l":3279892682,"T":1699948351792,"m":false,"M":true}
INFO - 859 - 2023-11-14_13-22-32 - {"e":"aggTrade","E":1699948351909,"s":"XRPUSDT","a":400378795,"p":"0.66370000","q":"19579.00000000","f":565826176,"l":565826181,"T":1699948351908,"m":true,"M":true}
INFO - 862 - 2023-11-14_13-22-32 - {"e":"aggTrade","E":1699948351913,"s":"XRPUSDT","a":400378796,"p":"0.66370000","q":"4356.00000000","f":565826182,"l":565826187,"T":1699948351912,"m":true,"M":true}
INFO - 863 - 2023-11-14_13-22-32 - {"e":"aggTrade","E":1699948351914,"s":"XRPUSDT","a":400378797,"p":"0.66370000","q":"101.00000000","f":565826188,"l":565826188,"T":1699948351913,"m":true,"M":true}
INFO - 864 - 2023-11-14_13-22-32 - {"e":"aggTrade","E":1699948351914,"s":"XRPUSDT","a":400378798,"p":"0.66370000","q":"3143.00000000","f":565826189,"l":565826192,"T":1699948351913,"m":true,"M":true}
INFO - 80 - 2023-11-14_13-22-33 - {"e":"aggTrade","E":1699948352138,"s":"ETHUSDT","a":958198924,"p":"2059.92000000","q":"0.03320000","f":1231239121,"l":1231239121,"T":1699948352137,"m":false,"M":true}
INFO - 161 - 2023-11-14_13-22-33 - {"e":"aggTrade","E":1699948352212,"s":"XRPUSDT","a":400378799,"p":"0.66360000","q":"5913.00000000","f":565826193,"l":565826196,"T":1699948352211,"m":true,"M":true}
INFO - 341 - 2023-11-14_13-22-33 - {"e":"aggTrade","E":1699948352395,"s":"BTCUSDT","a":2756121708,"p":"36681.10000000","q":"0.00027000","f":3279892683,"l":3279892683,"T":1699948352395,"m":false,"M":true}
INFO - 380 - 2023-11-14_13-22-33 - {"e":"aggTrade","E":1699948352439,"s":"BTCUSDT","a":2756121709,"p":"36681.09000000","q":"0.00024000","f":3279892684,"l":3279892684,"T":1699948352438,"m":true,"M":true}
INFO - 461 - 2023-11-14_13-22-33 - {"e":"aggTrade","E":1699948352524,"s":"BTCUSDT","a":2756121710,"p":"36681.09000000","q":"0.02878000","f":3279892685,"l":3279892685,"T":1699948352523,"m":true,"M":true}
INFO - 857 - 2023-11-14_13-22-33 - {"e":"aggTrade","E":1699948352916,"s":"BTCUSDT","a":2756121711,"p":"36681.10000000","q":"0.00507000","f":3279892686,"l":3279892686,"T":1699948352915,"m":false,"M":true}
INFO - 876 - 2023-11-14_13-22-33 - {"e":"aggTrade","E":1699948352939,"s":"BTCUSDT","a":2756121712,"p":"36681.10000000","q":"0.00545000","f":3279892687,"l":3279892687,"T":1699948352938,"m":false,"M":true}
INFO - 142 - 2023-11-14_13-22-34 - {"e":"aggTrade","E":1699948353193,"s":"XRPUSDT","a":400378800,"p":"0.66360000","q":"500.00000000","f":565826197,"l":565826197,"T":1699948353192,"m":false,"M":true}
INFO - 540 - 2023-11-14_13-22-34 - {"e":"aggTrade","E":1699948353594,"s":"ETHUSDT","a":958198925,"p":"2059.91000000","q":"0.00440000","f":1231239122,"l":1231239122,"T":1699948353593,"m":true,"M":true}
INFO - 540 - 2023-11-14_13-22-34 - {"e":"aggTrade","E":1699948353595,"s":"ETHUSDT","a":958198926,"p":"2059.92000000","q":"0.00720000","f":1231239123,"l":1231239123,"T":1699948353594,"m":false,"M":true}
INFO - 854 - 2023-11-14_13-22-34 - {"e":"aggTrade","E":1699948353911,"s":"BTCUSDT","a":2756121713,"p":"36681.09000000","q":"0.02020000","f":3279892688,"l":3279892688,"T":1699948353910,"m":true,"M":true}
INFO - 886 - 2023-11-14_13-22-34 - {"e":"aggTrade","E":1699948353947,"s":"BTCUSDT","a":2756121714,"p":"36681.10000000","q":"0.00116000","f":3279892689,"l":3279892689,"T":1699948353946,"m":false,"M":true}
INFO - 978 - 2023-11-14_13-22-34 - {"e":"aggTrade","E":1699948354041,"s":"ETHUSDT","a":958198927,"p":"2059.91000000","q":"0.19820000","f":1231239124,"l":1231239126,"T":1699948354040,"m":true,"M":true}
INFO - 994 - 2023-11-14_13-22-34 - {"e":"aggTrade","E":1699948354051,"s":"XRPUSDT","a":400378801,"p":"0.66360000","q":"8985.00000000","f":565826198,"l":565826199,"T":1699948354050,"m":false,"M":true}
INFO - 994 - 2023-11-14_13-22-34 - {"e":"aggTrade","E":1699948354054,"s":"XRPUSDT","a":400378802,"p":"0.66360000","q":"4448.00000000","f":565826200,"l":565826202,"T":1699948354053,"m":false,"M":true}
INFO - 994 - 2023-11-14_13-22-34 - {"e":"aggTrade","E":1699948354054,"s":"XRPUSDT","a":400378803,"p":"0.66360000","q":"4448.00000000","f":565826203,"l":565826206,"T":1699948354053,"m":false,"M":true}
INFO - 994 - 2023-11-14_13-22-34 - {"e":"aggTrade","E":1699948354054,"s":"XRPUSDT","a":400378804,"p":"0.66360000","q":"629.00000000","f":565826207,"l":565826207,"T":1699948354053,"m":false,"M":true}
INFO - 10 - 2023-11-14_13-22-35 - {"e":"aggTrade","E":1699948354054,"s":"XRPUSDT","a":400378805,"p":"0.66370000","q":"4448.00000000","f":565826208,"l":565826210,"T":1699948354053,"m":false,"M":true}
INFO - 180 - 2023-11-14_13-22-35 - {"e":"aggTrade","E":1699948354246,"s":"BTCUSDT","a":2756121715,"p":"36681.09000000","q":"0.00384000","f":3279892690,"l":3279892690,"T":1699948354245,"m":true,"M":true}
INFO - 212 - 2023-11-14_13-22-35 - {"e":"aggTrade","E":1699948354269,"s":"ETHUSDT","a":958198928,"p":"2059.92000000","q":"0.04850000","f":1231239127,"l":1231239127,"T":1699948354269,"m":false,"M":true}
INFO - 263 - 2023-11-14_13-22-35 - {"e":"aggTrade","E":1699948354315,"s":"XRPUSDT","a":400378806,"p":"0.66370000","q":"3136.00000000","f":565826211,"l":565826213,"T":1699948354314,"m":false,"M":true}
INFO - 298 - 2023-11-14_13-22-35 - {"e":"aggTrade","E":1699948354357,"s":"BTCUSDT","a":2756121716,"p":"36681.09000000","q":"0.00024000","f":3279892691,"l":3279892691,"T":1699948354356,"m":true,"M":true}
INFO - 409 - 2023-11-14_13-22-35 - {"e":"aggTrade","E":1699948354479,"s":"BTCUSDT","a":2756121717,"p":"36681.09000000","q":"0.00027000","f":3279892692,"l":3279892692,"T":1699948354478,"m":true,"M":true}
INFO - 637 - 2023-11-14_13-22-35 - {"e":"aggTrade","E":1699948354694,"s":"ETHUSDT","a":958198929,"p":"2059.92000000","q":"0.07630000","f":1231239128,"l":1231239128,"T":1699948354693,"m":false,"M":true}
INFO - 72 - 2023-11-14_13-22-36 - {"e":"aggTrade","E":1699948355131,"s":"BTCUSDT","a":2756121718,"p":"36681.09000000","q":"0.00186000","f":3279892693,"l":3279892693,"T":1699948355130,"m":true,"M":true}
INFO - 240 - 2023-11-14_13-22-36 - {"e":"aggTrade","E":1699948355302,"s":"BTCUSDT","a":2756121719,"p":"36681.09000000","q":"0.00085000","f":3279892694,"l":3279892694,"T":1699948355301,"m":true,"M":true}
INFO - 294 - 2023-11-14_13-22-36 - {"e":"aggTrade","E":1699948355361,"s":"BTCUSDT","a":2756121720,"p":"36681.09000000","q":"0.01400000","f":3279892695,"l":3279892695,"T":1699948355361,"m":true,"M":true}
INFO - 308 - 2023-11-14_13-22-36 - {"e":"aggTrade","E":1699948355368,"s":"BTCUSDT","a":2756121721,"p":"36681.09000000","q":"0.00043000","f":3279892696,"l":3279892696,"T":1699948355367,"m":true,"M":true}
INFO - 652 - 2023-11-14_13-22-36 - {"e":"aggTrade","E":1699948355711,"s":"BTCUSDT","a":2756121722,"p":"36681.09000000","q":"0.00025000","f":3279892697,"l":3279892697,"T":1699948355711,"m":true,"M":true}
INFO - 902 - 2023-11-14_13-22-36 - {"e":"aggTrade","E":1699948355964,"s":"BTCUSDT","a":2756121723,"p":"36681.09000000","q":"0.01197000","f":3279892698,"l":3279892698,"T":1699948355964,"m":true,"M":true}
INFO - 934 - 2023-11-14_13-22-36 - {"e":"aggTrade","E":1699948355985,"s":"XRPUSDT","a":400378807,"p":"0.66380000","q":"68.00000000","f":565826214,"l":565826214,"T":1699948355984,"m":false,"M":true}
INFO - 146 - 2023-11-14_13-22-38 - {"e":"aggTrade","E":1699948357210,"s":"BTCUSDT","a":2756121724,"p":"36681.09000000","q":"0.00700000","f":3279892699,"l":3279892699,"T":1699948357210,"m":true,"M":true}
INFO - 590 - 2023-11-14_13-22-38 - {"e":"aggTrade","E":1699948357649,"s":"XRPUSDT","a":400378808,"p":"0.66380000","q":"1340.00000000","f":565826215,"l":565826215,"T":1699948357648,"m":false,"M":true}
INFO - 631 - 2023-11-14_13-22-38 - {"e":"aggTrade","E":1699948357690,"s":"BTCUSDT","a":2756121725,"p":"36681.10000000","q":"0.01734000","f":3279892700,"l":3279892700,"T":1699948357690,"m":false,"M":true}
INFO - 674 - 2023-11-14_13-22-38 - {"e":"aggTrade","E":1699948357734,"s":"BTCUSDT","a":2756121726,"p":"36681.09000000","q":"0.00025000","f":3279892701,"l":3279892701,"T":1699948357733,"m":true,"M":true}
INFO - 776 - 2023-11-14_13-22-38 - {"e":"aggTrade","E":1699948357828,"s":"XRPUSDT","a":400378809,"p":"0.66380000","q":"810.00000000","f":565826216,"l":565826217,"T":1699948357828,"m":false,"M":true}
INFO - 902 - 2023-11-14_13-22-38 - {"e":"aggTrade","E":1699948357953,"s":"XRPUSDT","a":400378810,"p":"0.66380000","q":"23.00000000","f":565826218,"l":565826218,"T":1699948357952,"m":false,"M":true}
INFO - 338 - 2023-11-14_13-22-39 - {"e":"aggTrade","E":1699948358397,"s":"XRPUSDT","a":400378811,"p":"0.66370000","q":"1215.00000000","f":565826219,"l":565826219,"T":1699948358396,"m":true,"M":true}
INFO - 572 - 2023-11-14_13-22-39 - {"e":"aggTrade","E":1699948358639,"s":"BTCUSDT","a":2756121727,"p":"36681.09000000","q":"0.01339000","f":3279892702,"l":3279892702,"T":1699948358639,"m":true,"M":true}
INFO - 658 - 2023-11-14_13-22-39 - {"e":"aggTrade","E":1699948358715,"s":"ETHUSDT","a":958198930,"p":"2059.91000000","q":"0.03400000","f":1231239129,"l":1231239129,"T":1699948358714,"m":true,"M":true}
INFO - 869 - 2023-11-14_13-22-39 - {"e":"aggTrade","E":1699948358940,"s":"BTCUSDT","a":2756121728,"p":"36681.09000000","q":"0.03676000","f":3279892703,"l":3279892703,"T":1699948358939,"m":true,"M":true}
INFO - 906 - 2023-11-14_13-22-39 - {"e":"aggTrade","E":1699948358965,"s":"BTCUSDT","a":2756121729,"p":"36681.10000000","q":"0.00348000","f":3279892704,"l":3279892704,"T":1699948358964,"m":false,"M":true}
INFO - 993 - 2023-11-14_13-22-39 - {"e":"aggTrade","E":1699948359061,"s":"BTCUSDT","a":2756121730,"p":"36681.09000000","q":"0.00041000","f":3279892705,"l":3279892705,"T":1699948359060,"m":true,"M":true}
INFO - 99 - 2023-11-14_13-22-40 - {"e":"aggTrade","E":1699948359157,"s":"ETHUSDT","a":958198931,"p":"2059.92000000","q":"0.01270000","f":1231239130,"l":1231239130,"T":1699948359156,"m":false,"M":true}
INFO - 397 - 2023-11-14_13-22-40 - {"e":"aggTrade","E":1699948359465,"s":"ETHUSDT","a":958198932,"p":"2059.92000000","q":"0.04490000","f":1231239131,"l":1231239131,"T":1699948359464,"m":false,"M":true}
INFO - 615 - 2023-11-14_13-22-40 - {"e":"aggTrade","E":1699948359674,"s":"BTCUSDT","a":2756121731,"p":"36681.09000000","q":"0.00039000","f":3279892706,"l":3279892706,"T":1699948359674,"m":true,"M":true}
INFO - 637 - 2023-11-14_13-22-40 - {"e":"aggTrade","E":1699948359695,"s":"BTCUSDT","a":2756121732,"p":"36681.09000000","q":"0.00124000","f":3279892707,"l":3279892707,"T":1699948359695,"m":true,"M":true}
INFO - 697 - 2023-11-14_13-22-40 - {"e":"aggTrade","E":1699948359757,"s":"BTCUSDT","a":2756121733,"p":"36681.09000000","q":"0.00023000","f":3279892708,"l":3279892708,"T":1699948359757,"m":true,"M":true}
INFO - 967 - 2023-11-14_13-22-40 - {"e":"aggTrade","E":1699948360036,"s":"ETHUSDT","a":958198933,"p":"2059.91000000","q":"0.00320000","f":1231239132,"l":1231239132,"T":1699948360036,"m":true,"M":true}
INFO - 75 - 2023-11-14_13-22-41 - {"e":"aggTrade","E":1699948360146,"s":"ETHUSDT","a":958198934,"p":"2059.92000000","q":"0.01730000","f":1231239133,"l":1231239133,"T":1699948360145,"m":false,"M":true}
INFO - 213 - 2023-11-14_13-22-41 - {"e":"aggTrade","E":1699948360272,"s":"BTCUSDT","a":2756121734,"p":"36681.10000000","q":"0.00062000","f":3279892709,"l":3279892709,"T":1699948360271,"m":false,"M":true}
INFO - 325 - 2023-11-14_13-22-41 - {"e":"aggTrade","E":1699948360386,"s":"ETHUSDT","a":958198935,"p":"2059.92000000","q":"0.09180000","f":1231239134,"l":1231239134,"T":1699948360385,"m":false,"M":true}
INFO - 325 - 2023-11-14_13-22-41 - {"e":"aggTrade","E":1699948360393,"s":"BTCUSDT","a":2756121735,"p":"36681.10000000","q":"0.00685000","f":3279892710,"l":3279892710,"T":1699948360392,"m":false,"M":true}
INFO - 520 - 2023-11-14_13-22-41 - {"e":"aggTrade","E":1699948360575,"s":"XRPUSDT","a":400378812,"p":"0.66380000","q":"452.00000000","f":565826220,"l":565826220,"T":1699948360574,"m":false,"M":true}
INFO - 569 - 2023-11-14_13-22-41 - {"e":"aggTrade","E":1699948360626,"s":"BTCUSDT","a":2756121736,"p":"36681.09000000","q":"0.00470000","f":3279892711,"l":3279892711,"T":1699948360626,"m":true,"M":true}
INFO - 569 - 2023-11-14_13-22-41 - {"e":"aggTrade","E":1699948360626,"s":"ETHUSDT","a":958198936,"p":"2059.92000000","q":"0.14530000","f":1231239135,"l":1231239135,"T":1699948360625,"m":false,"M":true}
INFO - 818 - 2023-11-14_13-22-41 - {"e":"aggTrade","E":1699948360882,"s":"BTCUSDT","a":2756121737,"p":"36681.09000000","q":"0.00031000","f":3279892712,"l":3279892712,"T":1699948360881,"m":true,"M":true}
INFO - 216 - 2023-11-14_13-22-43 - {"e":"aggTrade","E":1699948362286,"s":"BTCUSDT","a":2756121738,"p":"36681.09000000","q":"0.00201000","f":3279892713,"l":3279892713,"T":1699948362285,"m":true,"M":true}
INFO - 276 - 2023-11-14_13-22-43 - {"e":"aggTrade","E":1699948362344,"s":"ETHUSDT","a":958198937,"p":"2059.92000000","q":"1.11980000","f":1231239136,"l":1231239136,"T":1699948362343,"m":false,"M":true}
INFO - 608 - 2023-11-14_13-22-43 - {"e":"aggTrade","E":1699948362674,"s":"ETHUSDT","a":958198938,"p":"2059.92000000","q":"0.01780000","f":1231239137,"l":1231239137,"T":1699948362673,"m":false,"M":true}
INFO - 141 - 2023-11-14_13-22-44 - {"e":"aggTrade","E":1699948363195,"s":"XRPUSDT","a":400378813,"p":"0.66370000","q":"88.00000000","f":565826221,"l":565826221,"T":1699948363195,"m":true,"M":true}
INFO - 225 - 2023-11-14_13-22-44 - {"e":"aggTrade","E":1699948363294,"s":"BTCUSDT","a":2756121739,"p":"36681.09000000","q":"0.00223000","f":3279892714,"l":3279892714,"T":1699948363294,"m":true,"M":true}
INFO - 241 - 2023-11-14_13-22-44 - {"e":"aggTrade","E":1699948363306,"s":"ETHUSDT","a":958198939,"p":"2059.92000000","q":"0.04950000","f":1231239138,"l":1231239138,"T":1699948363306,"m":false,"M":true}
INFO - 275 - 2023-11-14_13-22-44 - {"e":"aggTrade","E":1699948363332,"s":"ETHUSDT","a":958198940,"p":"2059.91000000","q":"0.01960000","f":1231239139,"l":1231239139,"T":1699948363332,"m":true,"M":true}
INFO - 325 - 2023-11-14_13-22-44 - {"e":"aggTrade","E":1699948363388,"s":"ETHUSDT","a":958198941,"p":"2059.91000000","q":"3.52140000","f":1231239140,"l":1231239141,"T":1699948363387,"m":true,"M":true}
INFO - 898 - 2023-11-14_13-22-44 - {"e":"aggTrade","E":1699948363958,"s":"BTCUSDT","a":2756121740,"p":"36681.09000000","q":"0.01425000","f":3279892715,"l":3279892715,"T":1699948363957,"m":true,"M":true}
INFO - 991 - 2023-11-14_13-22-44 - {"e":"aggTrade","E":1699948364054,"s":"BTCUSDT","a":2756121741,"p":"36681.09000000","q":"0.00470000","f":3279892716,"l":3279892716,"T":1699948364053,"m":true,"M":true}
INFO - 217 - 2023-11-14_13-22-45 - {"e":"aggTrade","E":1699948364281,"s":"ETHUSDT","a":958198942,"p":"2059.91000000","q":"1.03560000","f":1231239142,"l":1231239142,"T":1699948364280,"m":true,"M":true}
INFO - 819 - 2023-11-14_13-22-45 - {"e":"aggTrade","E":1699948364877,"s":"BTCUSDT","a":2756121742,"p":"36681.10000000","q":"0.00036000","f":3279892717,"l":3279892717,"T":1699948364877,"m":false,"M":true}
INFO - 858 - 2023-11-14_13-22-45 - {"e":"aggTrade","E":1699948364923,"s":"BTCUSDT","a":2756121743,"p":"36681.09000000","q":"0.00085000","f":3279892718,"l":3279892718,"T":1699948364922,"m":true,"M":true}
INFO - 110 - 2023-11-14_13-22-46 - {"e":"aggTrade","E":1699948365168,"s":"ETHUSDT","a":958198943,"p":"2059.92000000","q":"0.06800000","f":1231239143,"l":1231239143,"T":1699948365167,"m":false,"M":true}
INFO - 461 - 2023-11-14_13-22-46 - {"e":"aggTrade","E":1699948365523,"s":"BTCUSDT","a":2756121744,"p":"36681.09000000","q":"0.00558000","f":3279892719,"l":3279892719,"T":1699948365523,"m":true,"M":true}
