{"e":"aggTrade","E":1696856225390,"s":"BTCUSDT","a":2720172207,"p":"27472.88000000","q":"0.18200000","f":3233708699,"l":3233708699,"T":1696856225389,"m":true,"M":true}
{"result":null,"id":1}
{"e":"aggTrade","E":1696856226486,"s":"BTCUSDT","a":2720172208,"p":"27472.89000000","q":"0.00078000","f":3233708700,"l":3233708700,"T":1696856226486,"m":false,"M":true}
{"e":"aggTrade","E":1696856226721,"s":"BTCUSDT","a":2720172209,"p":"27472.89000000","q":"0.00341000","f":3233708701,"l":3233708701,"T":1696856226720,"m":false,"M":true}
{"e":"aggTrade","E":1696856226746,"s":"BTCUSDT","a":2720172210,"p":"27472.89000000","q":"0.00273000","f":3233708702,"l":3233708702,"T":1696856226745,"m":false,"M":true}
{"e":"aggTrade","E":1696856226771,"s":"BTCUSDT","a":2720172211,"p":"27472.89000000","q":"0.00076000","f":3233708703,"l":3233708703,"T":1696856226770,"m":false,"M":true}
{"e":"aggTrade","E":1696856226953,"s":"BTCUSDT","a":2720172212,"p":"27472.89000000","q":"0.00182000","f":3233708704,"l":3233708704,"T":1696856226953,"m":false,"M":true}
{"e":"aggTrade","E":1696856227098,"s":"BTCUSDT","a":2720172213,"p":"27472.88000000","q":"0.00767000","f":3233708705,"l":3233708705,"T":1696856227098,"m":true,"M":true}
{"e":"aggTrade","E":1696856227339,"s":"BTCUSDT","a":2720172214,"p":"27472.89000000","q":"0.00113000","f":3233708706,"l":3233708706,"T":1696856227339,"m":false,"M":true}
{"e":"aggTrade","E":1696856227521,"s":"BTCUSDT","a":2720172215,"p":"27472.88000000","q":"0.01307000","f":3233708707,"l":3233708707,"T":1696856227521,"m":true,"M":true}
{"e":"aggTrade","E":1696856227542,"s":"BTCUSDT","a":2720172216,"p":"27472.89000000","q":"0.00182000","f":3233708708,"l":3233708708,"T":1696856227541,"m":false,"M":true}
{"e":"aggTrade","E":1696856228049,"s":"BTCUSDT","a":2720172217,"p":"27472.88000000","q":"0.00077000","f":3233708709,"l":3233708709,"T":1696856228049,"m":true,"M":true}
{"e":"aggTrade","E":1696856228616,"s":"BTCUSDT","a":2720172218,"p":"27472.89000000","q":"0.00457000","f":3233708710,"l":3233708710,"T":1696856228616,"m":false,"M":true}
{"e":"aggTrade","E":1696856229338,"s":"BTCUSDT","a":2720172219,"p":"27472.89000000","q":"0.00099000","f":3233708711,"l":3233708711,"T":1696856229337,"m":false,"M":true}
{"e":"aggTrade","E":1696856229409,"s":"BTCUSDT","a":2720172220,"p":"27472.89000000","q":"0.00077000","f":3233708712,"l":3233708712,"T":1696856229409,"m":false,"M":true}
{"e":"aggTrade","E":1696856229493,"s":"BTCUSDT","a":2720172221,"p":"27472.88000000","q":"0.00119000","f":3233708713,"l":3233708713,"T":1696856229492,"m":true,"M":true}
{"e":"aggTrade","E":1696856229724,"s":"BTCUSDT","a":2720172222,"p":"27472.89000000","q":"0.00545000","f":3233708714,"l":3233708714,"T":1696856229723,"m":false,"M":true}
{"e":"aggTrade","E":1696856229885,"s":"BTCUSDT","a":2720172223,"p":"27472.88000000","q":"0.00375000","f":3233708715,"l":3233708715,"T":1696856229884,"m":true,"M":true}
{"e":"aggTrade","E":1696856229909,"s":"BTCUSDT","a":2720172224,"p":"27472.88000000","q":"0.07158000","f":3233708716,"l":3233708716,"T":1696856229908,"m":true,"M":true}
{"e":"aggTrade","E":1696856229920,"s":"BTCUSDT","a":2720172225,"p":"27472.88000000","q":"0.00038000","f":3233708717,"l":3233708717,"T":1696856229920,"m":true,"M":true}
{"e":"aggTrade","E":1696856229993,"s":"BTCUSDT","a":2720172226,"p":"27472.88000000","q":"0.00076000","f":3233708718,"l":3233708718,"T":1696856229993,"m":true,"M":true}
{"e":"aggTrade","E":1696856230288,"s":"BTCUSDT","a":2720172227,"p":"27472.89000000","q":"0.00063000","f":3233708719,"l":3233708719,"T":1696856230287,"m":false,"M":true}
{"e":"aggTrade","E":1696856230500,"s":"BTCUSDT","a":2720172228,"p":"27472.88000000","q":"0.00161000","f":3233708720,"l":3233708720,"T":1696856230499,"m":true,"M":true}
{"e":"aggTrade","E":1696856230608,"s":"BTCUSDT","a":2720172229,"p":"27472.88000000","q":"0.00087000","f":3233708721,"l":3233708721,"T":1696856230608,"m":true,"M":true}
{"e":"aggTrade","E":1696856230692,"s":"BTCUSDT","a":2720172230,"p":"27472.88000000","q":"0.00363000","f":3233708722,"l":3233708722,"T":1696856230692,"m":true,"M":true}
{"e":"aggTrade","E":1696856231044,"s":"BTCUSDT","a":2720172231,"p":"27472.88000000","q":"0.50000000","f":3233708723,"l":3233708723,"T":1696856231044,"m":true,"M":true}
{"e":"aggTrade","E":1696856231386,"s":"BTCUSDT","a":2720172232,"p":"27472.88000000","q":"0.00073000","f":3233708724,"l":3233708724,"T":1696856231385,"m":true,"M":true}
{"e":"aggTrade","E":1696856232055,"s":"BTCUSDT","a":2720172233,"p":"27472.88000000","q":"0.00776000","f":3233708725,"l":3233708725,"T":1696856232055,"m":true,"M":true}
{"e":"aggTrade","E":1696856232213,"s":"BTCUSDT","a":2720172234,"p":"27472.88000000","q":"0.00364000","f":3233708726,"l":3233708726,"T":1696856232212,"m":true,"M":true}
{"e":"aggTrade","E":1696856232999,"s":"BTCUSDT","a":2720172235,"p":"27472.88000000","q":"0.01664000","f":3233708727,"l":3233708727,"T":1696856232998,"m":true,"M":true}
{"e":"aggTrade","E":1696856233502,"s":"BTCUSDT","a":2720172236,"p":"27472.89000000","q":"0.00708000","f":3233708728,"l":3233708728,"T":1696856233502,"m":false,"M":true}
{"e":"aggTrade","E":1696856233590,"s":"BTCUSDT","a":2720172237,"p":"27472.89000000","q":"0.00072000","f":3233708729,"l":3233708729,"T":1696856233589,"m":false,"M":true}
{"e":"aggTrade","E":1696856234762,"s":"BTCUSDT","a":2720172238,"p":"27472.88000000","q":"0.00073000","f":3233708730,"l":3233708730,"T":1696856234762,"m":true,"M":true}
{"e":"aggTrade","E":1696856234774,"s":"BTCUSDT","a":2720172239,"p":"27472.88000000","q":"0.00178000","f":3233708731,"l":3233708731,"T":1696856234773,"m":true,"M":true}
{"e":"aggTrade","E":1696856234809,"s":"BTCUSDT","a":2720172240,"p":"27472.89000000","q":"0.00041000","f":3233708732,"l":3233708732,"T":1696856234809,"m":false,"M":true}
{"e":"aggTrade","E":1696856235230,"s":"BTCUSDT","a":2720172241,"p":"27472.89000000","q":"0.00027000","f":3233708733,"l":3233708733,"T":1696856235229,"m":false,"M":true}
{"e":"aggTrade","E":1696856235241,"s":"BTCUSDT","a":2720172242,"p":"27472.88000000","q":"0.00107000","f":3233708734,"l":3233708734,"T":1696856235240,"m":true,"M":true}
{"e":"aggTrade","E":1696856235649,"s":"BTCUSDT","a":2720172243,"p":"27472.88000000","q":"0.00102000","f":3233708735,"l":3233708735,"T":1696856235648,"m":true,"M":true}
{"e":"aggTrade","E":1696856236298,"s":"BTCUSDT","a":2720172244,"p":"27472.89000000","q":"0.05916000","f":3233708736,"l":3233708736,"T":1696856236298,"m":false,"M":true}
{"e":"aggTrade","E":1696856236322,"s":"BTCUSDT","a":2720172245,"p":"27472.88000000","q":"0.38955000","f":3233708737,"l":3233708744,"T":1696856236320,"m":true,"M":true}
{"e":"aggTrade","E":1696856236322,"s":"BTCUSDT","a":2720172246,"p":"27472.84000000","q":"0.00025000","f":3233708745,"l":3233708745,"T":1696856236320,"m":true,"M":true}
{"e":"aggTrade","E":1696856236322,"s":"BTCUSDT","a":2720172247,"p":"27472.83000000","q":"0.18049000","f":3233708746,"l":3233708746,"T":1696856236320,"m":true,"M":true}
{"e":"aggTrade","E":1696856236322,"s":"BTCUSDT","a":2720172248,"p":"27472.76000000","q":"0.00033000","f":3233708747,"l":3233708747,"T":1696856236320,"m":true,"M":true}
{"e":"aggTrade","E":1696856236325,"s":"BTCUSDT","a":2720172249,"p":"27472.69000000","q":"0.00036000","f":3233708748,"l":3233708748,"T":1696856236324,"m":true,"M":true}
{"e":"aggTrade","E":1696856236327,"s":"BTCUSDT","a":2720172250,"p":"27472.68000000","q":"0.00025000","f":3233708749,"l":3233708749,"T":1696856236325,"m":true,"M":true}
{"e":"aggTrade","E":1696856236361,"s":"BTCUSDT","a":2720172251,"p":"27472.66000000","q":"0.00022000","f":3233708750,"l":3233708750,"T":1696856236359,"m":true,"M":true}
{"e":"aggTrade","E":1696856236361,"s":"BTCUSDT","a":2720172252,"p":"27472.64000000","q":"0.00033000","f":3233708751,"l":3233708751,"T":1696856236359,"m":true,"M":true}
{"e":"aggTrade","E":1696856236361,"s":"BTCUSDT","a":2720172253,"p":"27472.62000000","q":"0.00036000","f":3233708752,"l":3233708752,"T":1696856236359,"m":true,"M":true}
{"e":"aggTrade","E":1696856236361,"s":"BTCUSDT","a":2720172254,"p":"27472.55000000","q":"0.00036000","f":3233708753,"l":3233708753,"T":1696856236359,"m":true,"M":true}
{"e":"aggTrade","E":1696856236361,"s":"BTCUSDT","a":2720172255,"p":"27472.52000000","q":"0.00058000","f":3233708754,"l":3233708755,"T":1696856236359,"m":true,"M":true}
{"e":"aggTrade","E":1696856236361,"s":"BTCUSDT","a":2720172256,"p":"27472.48000000","q":"0.00036000","f":3233708756,"l":3233708756,"T":1696856236359,"m":true,"M":true}
{"e":"aggTrade","E":1696856236361,"s":"BTCUSDT","a":2720172257,"p":"27472.41000000","q":"0.00036000","f":3233708757,"l":3233708757,"T":1696856236359,"m":true,"M":true}
{"e":"aggTrade","E":1696856236361,"s":"BTCUSDT","a":2720172258,"p":"27472.40000000","q":"0.00033000","f":3233708758,"l":3233708758,"T":1696856236359,"m":true,"M":true}
{"e":"aggTrade","E":1696856236361,"s":"BTCUSDT","a":2720172259,"p":"27472.36000000","q":"0.00025000","f":3233708759,"l":3233708759,"T":1696856236359,"m":true,"M":true}
{"e":"aggTrade","E":1696856236361,"s":"BTCUSDT","a":2720172260,"p":"27472.34000000","q":"0.00036000","f":3233708760,"l":3233708760,"T":1696856236359,"m":true,"M":true}
{"e":"aggTrade","E":1696856236361,"s":"BTCUSDT","a":2720172261,"p":"27472.30000000","q":"0.00022000","f":3233708761,"l":3233708761,"T":1696856236359,"m":true,"M":true}
{"e":"aggTrade","E":1696856236361,"s":"BTCUSDT","a":2720172262,"p":"27472.28000000","q":"0.00033000","f":3233708762,"l":3233708762,"T":1696856236359,"m":true,"M":true}
{"e":"aggTrade","E":1696856236361,"s":"BTCUSDT","a":2720172263,"p":"27472.27000000","q":"0.00036000","f":3233708763,"l":3233708763,"T":1696856236359,"m":true,"M":true}
{"e":"aggTrade","E":1696856236361,"s":"BTCUSDT","a":2720172264,"p":"27472.20000000","q":"0.00061000","f":3233708764,"l":3233708765,"T":1696856236359,"m":true,"M":true}
{"e":"aggTrade","E":1696856236361,"s":"BTCUSDT","a":2720172265,"p":"27472.16000000","q":"0.00033000","f":3233708766,"l":3233708766,"T":1696856236359,"m":true,"M":true}
{"e":"aggTrade","E":1696856236361,"s":"BTCUSDT","a":2720172266,"p":"27472.13000000","q":"0.00036000","f":3233708767,"l":3233708767,"T":1696856236359,"m":true,"M":true}
{"e":"aggTrade","E":1696856236361,"s":"BTCUSDT","a":2720172267,"p":"27472.06000000","q":"0.00036000","f":3233708768,"l":3233708768,"T":1696856236359,"m":true,"M":true}
{"e":"aggTrade","E":1696856236361,"s":"BTCUSDT","a":2720172268,"p":"27472.04000000","q":"0.00058000","f":3233708769,"l":3233708770,"T":1696856236359,"m":true,"M":true}
{"e":"aggTrade","E":1696856236361,"s":"BTCUSDT","a":2720172269,"p":"27472.00000000","q":"0.01343000","f":3233708771,"l":3233708771,"T":1696856236359,"m":true,"M":true}
{"e":"aggTrade","E":1696856236361,"s":"BTCUSDT","a":2720172270,"p":"27471.96000000","q":"0.00060000","f":3233708772,"l":3233708772,"T":1696856236359,"m":true,"M":true}
{"e":"aggTrade","E":1696856236361,"s":"BTCUSDT","a":2720172271,"p":"27471.94000000","q":"0.00022000","f":3233708773,"l":3233708773,"T":1696856236359,"m":true,"M":true}
{"e":"aggTrade","E":1696856236361,"s":"BTCUSDT","a":2720172272,"p":"27471.92000000","q":"0.00033000","f":3233708774,"l":3233708774,"T":1696856236359,"m":true,"M":true}
{"e":"aggTrade","E":1696856236361,"s":"BTCUSDT","a":2720172273,"p":"27471.88000000","q":"0.00025000","f":3233708775,"l":3233708775,"T":1696856236359,"m":true,"M":true}
{"e":"aggTrade","E":1696856236361,"s":"BTCUSDT","a":2720172274,"p":"27471.80000000","q":"0.00033000","f":3233708776,"l":3233708776,"T":1696856236359,"m":true,"M":true}
{"e":"aggTrade","E":1696856236361,"s":"BTCUSDT","a":2720172275,"p":"27471.72000000","q":"0.00025000","f":3233708777,"l":3233708777,"T":1696856236359,"m":true,"M":true}
{"e":"aggTrade","E":1696856236361,"s":"BTCUSDT","a":2720172276,"p":"27471.68000000","q":"0.00033000","f":3233708778,"l":3233708778,"T":1696856236359,"m":true,"M":true}
{"e":"aggTrade","E":1696856236361,"s":"BTCUSDT","a":2720172277,"p":"27471.58000000","q":"0.00022000","f":3233708779,"l":3233708779,"T":1696856236359,"m":true,"M":true}
{"e":"aggTrade","E":1696856236361,"s":"BTCUSDT","a":2720172278,"p":"27471.56000000","q":"0.00058000","f":3233708780,"l":3233708781,"T":1696856236359,"m":true,"M":true}
{"e":"aggTrade","E":1696856236361,"s":"BTCUSDT","a":2720172279,"p":"27471.51000000","q":"0.00672000","f":3233708782,"l":3233708783,"T":1696856236359,"m":true,"M":true}
{"e":"aggTrade","E":1696856236361,"s":"BTCUSDT","a":2720172280,"p":"27471.44000000","q":"0.00033000","f":3233708784,"l":3233708784,"T":1696856236359,"m":true,"M":true}
{"e":"aggTrade","E":1696856236361,"s":"BTCUSDT","a":2720172281,"p":"27471.40000000","q":"0.00025000","f":3233708785,"l":3233708785,"T":1696856236359,"m":true,"M":true}
{"e":"aggTrade","E":1696856236361,"s":"BTCUSDT","a":2720172282,"p":"27471.32000000","q":"0.00033000","f":3233708786,"l":3233708786,"T":1696856236359,"m":true,"M":true}
{"e":"aggTrade","E":1696856236363,"s":"BTCUSDT","a":2720172283,"p":"27471.24000000","q":"0.00025000","f":3233708787,"l":3233708787,"T":1696856236362,"m":true,"M":true}
{"e":"aggTrade","E":1696856236366,"s":"BTCUSDT","a":2720172284,"p":"27471.22000000","q":"0.00022000","f":3233708788,"l":3233708788,"T":1696856236365,"m":true,"M":true}
{"e":"aggTrade","E":1696856236366,"s":"BTCUSDT","a":2720172285,"p":"27471.20000000","q":"0.00033000","f":3233708789,"l":3233708789,"T":1696856236365,"m":true,"M":true}
{"e":"aggTrade","E":1696856236366,"s":"BTCUSDT","a":2720172286,"p":"27471.08000000","q":"0.00058000","f":3233708790,"l":3233708791,"T":1696856236365,"m":true,"M":true}
{"e":"aggTrade","E":1696856236366,"s":"BTCUSDT","a":2720172287,"p":"27470.96000000","q":"0.00033000","f":3233708792,"l":3233708792,"T":1696856236365,"m":true,"M":true}
{"e":"aggTrade","E":1696856236366,"s":"BTCUSDT","a":2720172288,"p":"27470.92000000","q":"0.00025000","f":3233708793,"l":3233708793,"T":1696856236365,"m":true,"M":true}
{"e":"aggTrade","E":1696856236366,"s":"BTCUSDT","a":2720172289,"p":"27470.88000000","q":"0.00200000","f":3233708794,"l":3233708794,"T":1696856236365,"m":true,"M":true}
{"e":"aggTrade","E":1696856236366,"s":"BTCUSDT","a":2720172290,"p":"27470.86000000","q":"0.00022000","f":3233708795,"l":3233708795,"T":1696856236365,"m":true,"M":true}
{"e":"aggTrade","E":1696856236366,"s":"BTCUSDT","a":2720172291,"p":"27470.84000000","q":"0.00033000","f":3233708796,"l":3233708796,"T":1696856236365,"m":true,"M":true}
{"e":"aggTrade","E":1696856236366,"s":"BTCUSDT","a":2720172292,"p":"27470.76000000","q":"0.00025000","f":3233708797,"l":3233708797,"T":1696856236365,"m":true,"M":true}
{"e":"aggTrade","E":1696856236366,"s":"BTCUSDT","a":2720172293,"p":"27470.72000000","q":"0.00033000","f":3233708798,"l":3233708798,"T":1696856236365,"m":true,"M":true}
{"e":"aggTrade","E":1696856236366,"s":"BTCUSDT","a":2720172294,"p":"27470.60000000","q":"0.00058000","f":3233708799,"l":3233708800,"T":1696856236365,"m":true,"M":true}
{"e":"aggTrade","E":1696856236366,"s":"BTCUSDT","a":2720172295,"p":"27470.57000000","q":"0.00060000","f":3233708801,"l":3233708801,"T":1696856236365,"m":true,"M":true}
{"e":"aggTrade","E":1696856236366,"s":"BTCUSDT","a":2720172296,"p":"27470.56000000","q":"0.00202000","f":3233708802,"l":3233708802,"T":1696856236365,"m":true,"M":true}
{"e":"aggTrade","E":1696856236366,"s":"BTCUSDT","a":2720172297,"p":"27470.50000000","q":"0.00022000","f":3233708803,"l":3233708803,"T":1696856236365,"m":true,"M":true}
{"e":"aggTrade","E":1696856236366,"s":"BTCUSDT","a":2720172298,"p":"27470.48000000","q":"0.00033000","f":3233708804,"l":3233708804,"T":1696856236365,"m":true,"M":true}
{"e":"aggTrade","E":1696856236366,"s":"BTCUSDT","a":2720172299,"p":"27470.44000000","q":"0.00025000","f":3233708805,"l":3233708805,"T":1696856236365,"m":true,"M":true}
{"e":"aggTrade","E":1696856236366,"s":"BTCUSDT","a":2720172300,"p":"27470.36000000","q":"0.00033000","f":3233708806,"l":3233708806,"T":1696856236365,"m":true,"M":true}
{"e":"aggTrade","E":1696856236366,"s":"BTCUSDT","a":2720172301,"p":"27470.28000000","q":"0.00025000","f":3233708807,"l":3233708807,"T":1696856236365,"m":true,"M":true}
{"e":"aggTrade","E":1696856236366,"s":"BTCUSDT","a":2720172302,"p":"27470.24000000","q":"0.00033000","f":3233708808,"l":3233708808,"T":1696856236365,"m":true,"M":true}
{"e":"aggTrade","E":1696856236458,"s":"BTCUSDT","a":2720172303,"p":"27470.14000000","q":"0.00061000","f":3233708809,"l":3233708810,"T":1696856236458,"m":true,"M":true}
{"e":"aggTrade","E":1696856236517,"s":"BTCUSDT","a":2720172304,"p":"27470.14000000","q":"0.00103000","f":3233708811,"l":3233708811,"T":1696856236516,"m":true,"M":true}
{"e":"aggTrade","E":1696856236648,"s":"BTCUSDT","a":2720172305,"p":"27470.14000000","q":"0.00047000","f":3233708812,"l":3233708812,"T":1696856236647,"m":true,"M":true}
{"e":"aggTrade","E":1696856236879,"s":"BTCUSDT","a":2720172306,"p":"27470.14000000","q":"0.00125000","f":3233708813,"l":3233708813,"T":1696856236879,"m":true,"M":true}
{"e":"aggTrade","E":1696856237296,"s":"BTCUSDT","a":2720172307,"p":"27470.14000000","q":"0.26812000","f":3233708814,"l":3233708814,"T":1696856237295,"m":true,"M":true}
{"e":"aggTrade","E":1696856237379,"s":"BTCUSDT","a":2720172308,"p":"27470.15000000","q":"0.00615000","f":3233708815,"l":3233708815,"T":1696856237379,"m":false,"M":true}
{"e":"aggTrade","E":1696856237990,"s":"BTCUSDT","a":2720172309,"p":"27470.14000000","q":"0.00564000","f":3233708816,"l":3233708816,"T":1696856237990,"m":true,"M":true}
{"e":"aggTrade","E":1696856238099,"s":"BTCUSDT","a":2720172310,"p":"27470.14000000","q":"0.05683000","f":3233708817,"l":3233708817,"T":1696856238099,"m":true,"M":true}
{"e":"aggTrade","E":1696856238769,"s":"BTCUSDT","a":2720172311,"p":"27470.15000000","q":"0.00181000","f":3233708818,"l":3233708818,"T":1696856238769,"m":false,"M":true}
{"e":"aggTrade","E":1696856238802,"s":"BTCUSDT","a":2720172312,"p":"27470.15000000","q":"0.00273000","f":3233708819,"l":3233708820,"T":1696856238801,"m":false,"M":true}
{"e":"aggTrade","E":1696856238826,"s":"BTCUSDT","a":2720172313,"p":"27470.15000000","q":"0.00119000","f":3233708821,"l":3233708821,"T":1696856238825,"m":false,"M":true}
{"e":"aggTrade","E":1696856238912,"s":"BTCUSDT","a":2720172314,"p":"27470.15000000","q":"0.00182000","f":3233708822,"l":3233708822,"T":1696856238912,"m":false,"M":true}
{"e":"aggTrade","E":1696856240138,"s":"BTCUSDT","a":2720172315,"p":"27470.14000000","q":"0.20295000","f":3233708823,"l":3233708823,"T":1696856240137,"m":true,"M":true}
{"e":"aggTrade","E":1696856240251,"s":"BTCUSDT","a":2720172316,"p":"27470.15000000","q":"0.00023000","f":3233708824,"l":3233708824,"T":1696856240250,"m":false,"M":true}
{"e":"aggTrade","E":1696856240675,"s":"BTCUSDT","a":2720172317,"p":"27470.14000000","q":"0.01460000","f":3233708825,"l":3233708825,"T":1696856240675,"m":true,"M":true}
{"e":"aggTrade","E":1696856240767,"s":"BTCUSDT","a":2720172318,"p":"27470.14000000","q":"0.00081000","f":3233708826,"l":3233708826,"T":1696856240767,"m":true,"M":true}
{"e":"aggTrade","E":1696856240954,"s":"BTCUSDT","a":2720172319,"p":"27470.15000000","q":"0.00046000","f":3233708827,"l":3233708827,"T":1696856240953,"m":false,"M":true}
{"e":"aggTrade","E":1696856241025,"s":"BTCUSDT","a":2720172320,"p":"27470.15000000","q":"0.00037000","f":3233708828,"l":3233708828,"T":1696856241024,"m":false,"M":true}
{"e":"aggTrade","E":1696856241055,"s":"BTCUSDT","a":2720172321,"p":"27470.14000000","q":"0.50000000","f":3233708829,"l":3233708829,"T":1696856241054,"m":true,"M":true}
{"e":"aggTrade","E":1696856241462,"s":"BTCUSDT","a":2720172322,"p":"27470.15000000","q":"0.01747000","f":3233708830,"l":3233708830,"T":1696856241461,"m":false,"M":true}
{"e":"aggTrade","E":1696856241849,"s":"BTCUSDT","a":2720172323,"p":"27470.14000000","q":"0.00085000","f":3233708831,"l":3233708831,"T":1696856241848,"m":true,"M":true}
{"e":"aggTrade","E":1696856242822,"s":"BTCUSDT","a":2720172324,"p":"27470.14000000","q":"0.00182000","f":3233708832,"l":3233708832,"T":1696856242821,"m":true,"M":true}
{"e":"aggTrade","E":1696856244064,"s":"BTCUSDT","a":2720172325,"p":"27470.14000000","q":"0.00076000","f":3233708833,"l":3233708833,"T":1696856244063,"m":true,"M":true}
{"e":"aggTrade","E":1696856244279,"s":"BTCUSDT","a":2720172326,"p":"27470.14000000","q":"0.03033000","f":3233708834,"l":3233708839,"T":1696856244278,"m":true,"M":true}
{"e":"aggTrade","E":1696856244279,"s":"BTCUSDT","a":2720172327,"p":"27470.12000000","q":"0.00058000","f":3233708840,"l":3233708841,"T":1696856244278,"m":true,"M":true}
{"e":"aggTrade","E":1696856244727,"s":"BTCUSDT","a":2720172328,"p":"27470.11000000","q":"0.31553000","f":3233708842,"l":3233708843,"T":1696856244727,"m":false,"M":true}
{"e":"aggTrade","E":1696856245701,"s":"BTCUSDT","a":2720172329,"p":"27470.10000000","q":"0.00066000","f":3233708844,"l":3233708844,"T":1696856245701,"m":true,"M":true}
{"e":"aggTrade","E":1696856246177,"s":"BTCUSDT","a":2720172330,"p":"27470.11000000","q":"0.00052000","f":3233708845,"l":3233708845,"T":1696856246177,"m":false,"M":true}
{"e":"aggTrade","E":1696856246348,"s":"BTCUSDT","a":2720172331,"p":"27470.11000000","q":"0.00065000","f":3233708846,"l":3233708846,"T":1696856246347,"m":false,"M":true}
{"e":"aggTrade","E":1696856246431,"s":"BTCUSDT","a":2720172332,"p":"27470.10000000","q":"0.00061000","f":3233708847,"l":3233708847,"T":1696856246430,"m":true,"M":true}
{"e":"aggTrade","E":1696856247488,"s":"BTCUSDT","a":2720172333,"p":"27470.11000000","q":"0.02325000","f":3233708848,"l":3233708848,"T":1696856247487,"m":false,"M":true}
{"e":"aggTrade","E":1696856248248,"s":"BTCUSDT","a":2720172334,"p":"27470.11000000","q":"0.00052000","f":3233708849,"l":3233708849,"T":1696856248247,"m":false,"M":true}
{"e":"aggTrade","E":1696856248255,"s":"BTCUSDT","a":2720172335,"p":"27470.11000000","q":"0.00690000","f":3233708850,"l":3233708850,"T":1696856248254,"m":false,"M":true}
{"e":"aggTrade","E":1696856249450,"s":"BTCUSDT","a":2720172336,"p":"27470.10000000","q":"0.01608000","f":3233708851,"l":3233708851,"T":1696856249449,"m":true,"M":true}
{"e":"aggTrade","E":1696856249737,"s":"BTCUSDT","a":2720172337,"p":"27470.10000000","q":"0.00023000","f":3233708852,"l":3233708852,"T":1696856249736,"m":true,"M":true}
{"e":"aggTrade","E":1696856249782,"s":"BTCUSDT","a":2720172338,"p":"27470.11000000","q":"0.00066000","f":3233708853,"l":3233708853,"T":1696856249782,"m":false,"M":true}
{"e":"aggTrade","E":1696856250182,"s":"BTCUSDT","a":2720172339,"p":"27470.11000000","q":"0.00050000","f":3233708854,"l":3233708854,"T":1696856250181,"m":false,"M":true}
{"e":"aggTrade","E":1696856250840,"s":"BTCUSDT","a":2720172340,"p":"27470.10000000","q":"0.00138000","f":3233708855,"l":3233708855,"T":1696856250840,"m":true,"M":true}
{"e":"aggTrade","E":1696856251057,"s":"BTCUSDT","a":2720172341,"p":"27470.10000000","q":"0.50000000","f":3233708856,"l":3233708861,"T":1696856251056,"m":true,"M":true}
{"e":"aggTrade","E":1696856251062,"s":"BTCUSDT","a":2720172342,"p":"27470.10000000","q":"0.00072000","f":3233708862,"l":3233708862,"T":1696856251061,"m":true,"M":true}
{"e":"aggTrade","E":1696856251062,"s":"BTCUSDT","a":2720172343,"p":"27470.10000000","q":"0.00261000","f":3233708863,"l":3233708865,"T":1696856251061,"m":true,"M":true}
{"e":"aggTrade","E":1696856251065,"s":"BTCUSDT","a":2720172344,"p":"27470.10000000","q":"0.00189000","f":3233708866,"l":3233708866,"T":1696856251065,"m":true,"M":true}
{"e":"aggTrade","E":1696856251087,"s":"BTCUSDT","a":2720172345,"p":"27470.10000000","q":"0.00096000","f":3233708867,"l":3233708867,"T":1696856251086,"m":true,"M":true}
{"e":"aggTrade","E":1696856251158,"s":"BTCUSDT","a":2720172346,"p":"27470.03000000","q":"0.00036000","f":3233708868,"l":3233708868,"T":1696856251157,"m":true,"M":true}
{"e":"aggTrade","E":1696856251158,"s":"BTCUSDT","a":2720172347,"p":"27470.01000000","q":"0.00036000","f":3233708869,"l":3233708869,"T":1696856251157,"m":true,"M":true}
{"e":"aggTrade","E":1696856251158,"s":"BTCUSDT","a":2720172348,"p":"27470.03000000","q":"0.00036000","f":3233708870,"l":3233708870,"T":1696856251157,"m":true,"M":true}
{"e":"aggTrade","E":1696856251327,"s":"BTCUSDT","a":2720172349,"p":"27470.03000000","q":"0.00726000","f":3233708871,"l":3233708871,"T":1696856251326,"m":true,"M":true}
{"e":"aggTrade","E":1696856251528,"s":"BTCUSDT","a":2720172350,"p":"27470.04000000","q":"0.00200000","f":3233708872,"l":3233708872,"T":1696856251527,"m":false,"M":true}
{"e":"aggTrade","E":1696856251552,"s":"BTCUSDT","a":2720172351,"p":"27470.04000000","q":"0.00103000","f":3233708873,"l":3233708873,"T":1696856251552,"m":false,"M":true}
{"e":"aggTrade","E":1696856251730,"s":"BTCUSDT","a":2720172352,"p":"27470.04000000","q":"0.00066000","f":3233708874,"l":3233708874,"T":1696856251729,"m":false,"M":true}
{"e":"aggTrade","E":1696856252142,"s":"BTCUSDT","a":2720172353,"p":"27470.04000000","q":"0.00107000","f":3233708875,"l":3233708875,"T":1696856252142,"m":false,"M":true}
{"e":"aggTrade","E":1696856252252,"s":"BTCUSDT","a":2720172354,"p":"27470.04000000","q":"0.00079000","f":3233708876,"l":3233708876,"T":1696856252252,"m":false,"M":true}
{"e":"aggTrade","E":1696856252613,"s":"BTCUSDT","a":2720172355,"p":"27470.03000000","q":"0.00079000","f":3233708877,"l":3233708877,"T":1696856252612,"m":true,"M":true}
{"e":"aggTrade","E":1696856253626,"s":"BTCUSDT","a":2720172356,"p":"27470.04000000","q":"0.00025000","f":3233708878,"l":3233708878,"T":1696856253625,"m":false,"M":true}
{"e":"aggTrade","E":1696856254131,"s":"BTCUSDT","a":2720172357,"p":"27470.04000000","q":"0.00522000","f":3233708879,"l":3233708879,"T":1696856254130,"m":false,"M":true}
{"e":"aggTrade","E":1696856254273,"s":"BTCUSDT","a":2720172358,"p":"27470.04000000","q":"0.00388000","f":3233708880,"l":3233708880,"T":1696856254272,"m":false,"M":true}
{"e":"aggTrade","E":1696856254463,"s":"BTCUSDT","a":2720172359,"p":"27470.03000000","q":"0.00679000","f":3233708881,"l":3233708881,"T":1696856254463,"m":true,"M":true}
{"e":"aggTrade","E":1696856255160,"s":"BTCUSDT","a":2720172360,"p":"27470.04000000","q":"0.00040000","f":3233708882,"l":3233708882,"T":1696856255159,"m":false,"M":true}
{"e":"aggTrade","E":1696856255982,"s":"BTCUSDT","a":2720172361,"p":"27470.04000000","q":"0.00250000","f":3233708883,"l":3233708883,"T":1696856255982,"m":false,"M":true}
{"e":"aggTrade","E":1696856256996,"s":"BTCUSDT","a":2720172362,"p":"27470.04000000","q":"0.00107000","f":3233708884,"l":3233708884,"T":1696856256996,"m":false,"M":true}
{"e":"aggTrade","E":1696856257230,"s":"BTCUSDT","a":2720172363,"p":"27470.04000000","q":"0.00243000","f":3233708885,"l":3233708885,"T":1696856257229,"m":false,"M":true}
{"e":"aggTrade","E":1696856257263,"s":"BTCUSDT","a":2720172364,"p":"27470.03000000","q":"0.01759000","f":3233708886,"l":3233708886,"T":1696856257261,"m":true,"M":true}
{"e":"aggTrade","E":1696856257264,"s":"BTCUSDT","a":2720172365,"p":"27470.04000000","q":"0.75787000","f":3233708887,"l":3233708903,"T":1696856257261,"m":false,"M":true}
{"e":"aggTrade","E":1696856257267,"s":"BTCUSDT","a":2720172366,"p":"27470.10000000","q":"0.00036000","f":3233708904,"l":3233708904,"T":1696856257266,"m":false,"M":true}
{"e":"aggTrade","E":1696856257269,"s":"BTCUSDT","a":2720172367,"p":"27470.11000000","q":"0.11525000","f":3233708905,"l":3233708906,"T":1696856257267,"m":false,"M":true}
{"e":"aggTrade","E":1696856257269,"s":"BTCUSDT","a":2720172368,"p":"27470.14000000","q":"0.00098000","f":3233708907,"l":3233708907,"T":1696856257267,"m":false,"M":true}
{"e":"aggTrade","E":1696856257269,"s":"BTCUSDT","a":2720172369,"p":"27470.15000000","q":"0.12050000","f":3233708908,"l":3233708909,"T":1696856257267,"m":false,"M":true}
{"e":"aggTrade","E":1696856257269,"s":"BTCUSDT","a":2720172370,"p":"27470.16000000","q":"0.05700000","f":3233708910,"l":3233708910,"T":1696856257267,"m":false,"M":true}
{"e":"aggTrade","E":1696856257269,"s":"BTCUSDT","a":2720172371,"p":"27470.17000000","q":"0.00036000","f":3233708911,"l":3233708911,"T":1696856257267,"m":false,"M":true}
{"e":"aggTrade","E":1696856257269,"s":"BTCUSDT","a":2720172372,"p":"27470.24000000","q":"0.00069000","f":3233708912,"l":3233708913,"T":1696856257267,"m":false,"M":true}
{"e":"aggTrade","E":1696856257272,"s":"BTCUSDT","a":2720172373,"p":"27470.28000000","q":"0.00025000","f":3233708914,"l":3233708914,"T":1696856257271,"m":false,"M":true}
{"e":"aggTrade","E":1696856257272,"s":"BTCUSDT","a":2720172374,"p":"27470.31000000","q":"0.00036000","f":3233708915,"l":3233708915,"T":1696856257271,"m":false,"M":true}
{"e":"aggTrade","E":1696856257272,"s":"BTCUSDT","a":2720172375,"p":"27470.36000000","q":"0.00033000","f":3233708916,"l":3233708916,"T":1696856257271,"m":false,"M":true}
{"e":"aggTrade","E":1696856257272,"s":"BTCUSDT","a":2720172376,"p":"27470.38000000","q":"0.00036000","f":3233708917,"l":3233708917,"T":1696856257271,"m":false,"M":true}
{"e":"aggTrade","E":1696856257272,"s":"BTCUSDT","a":2720172377,"p":"27470.44000000","q":"0.00025000","f":3233708918,"l":3233708918,"T":1696856257271,"m":false,"M":true}
{"e":"aggTrade","E":1696856257272,"s":"BTCUSDT","a":2720172378,"p":"27470.45000000","q":"0.00036000","f":3233708919,"l":3233708919,"T":1696856257271,"m":false,"M":true}
{"e":"aggTrade","E":1696856257272,"s":"BTCUSDT","a":2720172379,"p":"27470.48000000","q":"0.00033000","f":3233708920,"l":3233708920,"T":1696856257271,"m":false,"M":true}
{"e":"aggTrade","E":1696856257272,"s":"BTCUSDT","a":2720172380,"p":"27470.50000000","q":"0.00022000","f":3233708921,"l":3233708921,"T":1696856257271,"m":false,"M":true}
{"e":"aggTrade","E":1696856257272,"s":"BTCUSDT","a":2720172381,"p":"27470.52000000","q":"0.00036000","f":3233708922,"l":3233708922,"T":1696856257271,"m":false,"M":true}
{"e":"aggTrade","E":1696856257272,"s":"BTCUSDT","a":2720172382,"p":"27470.59000000","q":"0.00036000","f":3233708923,"l":3233708923,"T":1696856257271,"m":false,"M":true}
{"e":"aggTrade","E":1696856257272,"s":"BTCUSDT","a":2720172383,"p":"27470.60000000","q":"0.00058000","f":3233708924,"l":3233708925,"T":1696856257271,"m":false,"M":true}
{"e":"aggTrade","E":1696856257272,"s":"BTCUSDT","a":2720172384,"p":"27470.66000000","q":"0.44183000","f":3233708926,"l":3233708927,"T":1696856257271,"m":false,"M":true}
{"e":"aggTrade","E":1696856257272,"s":"BTCUSDT","a":2720172385,"p":"27470.72000000","q":"0.00033000","f":3233708928,"l":3233708928,"T":1696856257271,"m":false,"M":true}
{"e":"aggTrade","E":1696856257272,"s":"BTCUSDT","a":2720172386,"p":"27470.73000000","q":"0.00036000","f":3233708929,"l":3233708929,"T":1696856257271,"m":false,"M":true}
{"e":"aggTrade","E":1696856257272,"s":"BTCUSDT","a":2720172387,"p":"27470.76000000","q":"0.00025000","f":3233708930,"l":3233708930,"T":1696856257271,"m":false,"M":true}
{"e":"aggTrade","E":1696856257272,"s":"BTCUSDT","a":2720172388,"p":"27470.80000000","q":"0.00036000","f":3233708931,"l":3233708931,"T":1696856257271,"m":false,"M":true}
{"e":"aggTrade","E":1696856257272,"s":"BTCUSDT","a":2720172389,"p":"27470.84000000","q":"0.00033000","f":3233708932,"l":3233708932,"T":1696856257271,"m":false,"M":true}
{"e":"aggTrade","E":1696856257272,"s":"BTCUSDT","a":2720172390,"p":"27470.86000000","q":"0.00022000","f":3233708933,"l":3233708933,"T":1696856257271,"m":false,"M":true}
{"e":"aggTrade","E":1696856257272,"s":"BTCUSDT","a":2720172391,"p":"27470.87000000","q":"0.00036000","f":3233708934,"l":3233708934,"T":1696856257271,"m":false,"M":true}
{"e":"aggTrade","E":1696856257272,"s":"BTCUSDT","a":2720172392,"p":"27470.92000000","q":"0.00025000","f":3233708935,"l":3233708935,"T":1696856257271,"m":false,"M":true}
{"e":"aggTrade","E":1696856257272,"s":"BTCUSDT","a":2720172393,"p":"27470.94000000","q":"0.00036000","f":3233708936,"l":3233708936,"T":1696856257271,"m":false,"M":true}
{"e":"aggTrade","E":1696856257272,"s":"BTCUSDT","a":2720172394,"p":"27470.95000000","q":"0.06811000","f":3233708937,"l":3233708937,"T":1696856257271,"m":false,"M":true}
{"e":"aggTrade","E":1696856257278,"s":"BTCUSDT","a":2720172395,"p":"27470.95000000","q":"0.44147000","f":3233708938,"l":3233708939,"T":1696856257275,"m":false,"M":true}
{"e":"aggTrade","E":1696856257278,"s":"BTCUSDT","a":2720172396,"p":"27470.96000000","q":"0.00033000","f":3233708940,"l":3233708940,"T":1696856257275,"m":false,"M":true}
{"e":"aggTrade","E":1696856257278,"s":"BTCUSDT","a":2720172397,"p":"27471.01000000","q":"0.00036000","f":3233708941,"l":3233708941,"T":1696856257275,"m":false,"M":true}
{"e":"aggTrade","E":1696856257287,"s":"BTCUSDT","a":2720172398,"p":"27471.08000000","q":"0.00094000","f":3233708942,"l":3233708944,"T":1696856257287,"m":false,"M":true}
{"e":"aggTrade","E":1696856257289,"s":"BTCUSDT","a":2720172399,"p":"27471.08000000","q":"0.00072000","f":3233708945,"l":3233708945,"T":1696856257288,"m":false,"M":true}
{"e":"aggTrade","E":1696856257289,"s":"BTCUSDT","a":2720172400,"p":"27471.10000000","q":"0.00019000","f":3233708946,"l":3233708946,"T":1696856257288,"m":false,"M":true}
{"e":"aggTrade","E":1696856257289,"s":"BTCUSDT","a":2720172401,"p":"27471.15000000","q":"0.00007000","f":3233708947,"l":3233708947,"T":1696856257288,"m":false,"M":true}
{"e":"aggTrade","E":1696856257296,"s":"BTCUSDT","a":2720172402,"p":"27471.15000000","q":"0.00029000","f":3233708948,"l":3233708948,"T":1696856257295,"m":false,"M":true}
{"e":"aggTrade","E":1696856257306,"s":"BTCUSDT","a":2720172403,"p":"27471.17000000","q":"0.00019000","f":3233708949,"l":3233708949,"T":1696856257305,"m":false,"M":true}
{"e":"aggTrade","E":1696856257308,"s":"BTCUSDT","a":2720172404,"p":"27471.19000000","q":"0.00019000","f":3233708950,"l":3233708950,"T":1696856257307,"m":false,"M":true}
{"e":"aggTrade","E":1696856257308,"s":"BTCUSDT","a":2720172405,"p":"27471.20000000","q":"0.00033000","f":3233708951,"l":3233708951,"T":1696856257307,"m":false,"M":true}
{"e":"aggTrade","E":1696856257308,"s":"BTCUSDT","a":2720172406,"p":"27471.22000000","q":"0.00058000","f":3233708952,"l":3233708953,"T":1696856257307,"m":false,"M":true}
{"e":"aggTrade","E":1696856257314,"s":"BTCUSDT","a":2720172407,"p":"27471.24000000","q":"0.00025000","f":3233708954,"l":3233708954,"T":1696856257312,"m":false,"M":true}
{"e":"aggTrade","E":1696856257314,"s":"BTCUSDT","a":2720172408,"p":"27471.29000000","q":"0.00036000","f":3233708955,"l":3233708955,"T":1696856257312,"m":false,"M":true}
{"e":"aggTrade","E":1696856257314,"s":"BTCUSDT","a":2720172409,"p":"27471.32000000","q":"0.00033000","f":3233708956,"l":3233708956,"T":1696856257312,"m":false,"M":true}
{"e":"aggTrade","E":1696856257314,"s":"BTCUSDT","a":2720172410,"p":"27471.36000000","q":"0.00036000","f":3233708957,"l":3233708957,"T":1696856257312,"m":false,"M":true}
{"e":"aggTrade","E":1696856257314,"s":"BTCUSDT","a":2720172411,"p":"27471.40000000","q":"0.00025000","f":3233708958,"l":3233708958,"T":1696856257312,"m":false,"M":true}
{"e":"aggTrade","E":1696856257314,"s":"BTCUSDT","a":2720172412,"p":"27471.43000000","q":"0.00036000","f":3233708959,"l":3233708959,"T":1696856257312,"m":false,"M":true}
{"e":"aggTrade","E":1696856257314,"s":"BTCUSDT","a":2720172413,"p":"27471.44000000","q":"0.00033000","f":3233708960,"l":3233708960,"T":1696856257312,"m":false,"M":true}
{"e":"aggTrade","E":1696856257314,"s":"BTCUSDT","a":2720172414,"p":"27471.49000000","q":"0.00037000","f":3233708961,"l":3233708961,"T":1696856257312,"m":false,"M":true}
{"e":"aggTrade","E":1696856257314,"s":"BTCUSDT","a":2720172415,"p":"27471.50000000","q":"0.00036000","f":3233708962,"l":3233708962,"T":1696856257312,"m":false,"M":true}
{"e":"aggTrade","E":1696856257314,"s":"BTCUSDT","a":2720172416,"p":"27471.52000000","q":"0.00027000","f":3233708963,"l":3233708963,"T":1696856257312,"m":false,"M":true}
{"e":"aggTrade","E":1696856257355,"s":"BTCUSDT","a":2720172417,"p":"27471.52000000","q":"0.00663000","f":3233708964,"l":3233708964,"T":1696856257354,"m":false,"M":true}
{"e":"aggTrade","E":1696856257355,"s":"BTCUSDT","a":2720172418,"p":"27471.56000000","q":"0.00058000","f":3233708965,"l":3233708966,"T":1696856257354,"m":false,"M":true}
{"e":"aggTrade","E":1696856257355,"s":"BTCUSDT","a":2720172419,"p":"27471.57000000","q":"0.00036000","f":3233708967,"l":3233708967,"T":1696856257354,"m":false,"M":true}
{"e":"aggTrade","E":1696856257355,"s":"BTCUSDT","a":2720172420,"p":"27471.58000000","q":"0.00022000","f":3233708968,"l":3233708968,"T":1696856257354,"m":false,"M":true}
{"e":"aggTrade","E":1696856257355,"s":"BTCUSDT","a":2720172421,"p":"27471.64000000","q":"0.00036000","f":3233708969,"l":3233708969,"T":1696856257354,"m":false,"M":true}
{"e":"aggTrade","E":1696856257355,"s":"BTCUSDT","a":2720172422,"p":"27471.68000000","q":"0.00033000","f":3233708970,"l":3233708970,"T":1696856257354,"m":false,"M":true}
{"e":"aggTrade","E":1696856257355,"s":"BTCUSDT","a":2720172423,"p":"27471.71000000","q":"0.00036000","f":3233708971,"l":3233708971,"T":1696856257354,"m":false,"M":true}
{"e":"aggTrade","E":1696856257355,"s":"BTCUSDT","a":2720172424,"p":"27471.72000000","q":"0.00025000","f":3233708972,"l":3233708972,"T":1696856257354,"m":false,"M":true}
{"e":"aggTrade","E":1696856257355,"s":"BTCUSDT","a":2720172425,"p":"27471.78000000","q":"0.00036000","f":3233708973,"l":3233708973,"T":1696856257354,"m":false,"M":true}
{"e":"aggTrade","E":1696856257355,"s":"BTCUSDT","a":2720172426,"p":"27471.80000000","q":"0.00033000","f":3233708974,"l":3233708974,"T":1696856257354,"m":false,"M":true}
{"e":"aggTrade","E":1696856257364,"s":"BTCUSDT","a":2720172427,"p":"27471.85000000","q":"0.00036000","f":3233708975,"l":3233708975,"T":1696856257363,"m":false,"M":true}
{"e":"aggTrade","E":1696856257368,"s":"BTCUSDT","a":2720172428,"p":"27471.87000000","q":"0.00019000","f":3233708976,"l":3233708976,"T":1696856257367,"m":false,"M":true}
{"e":"aggTrade","E":1696856257375,"s":"BTCUSDT","a":2720172429,"p":"27471.88000000","q":"0.00025000","f":3233708977,"l":3233708977,"T":1696856257374,"m":false,"M":true}
{"e":"aggTrade","E":1696856257403,"s":"BTCUSDT","a":2720172430,"p":"27471.90000000","q":"0.00019000","f":3233708978,"l":3233708978,"T":1696856257401,"m":false,"M":true}
{"e":"aggTrade","E":1696856257403,"s":"BTCUSDT","a":2720172431,"p":"27471.92000000","q":"0.00069000","f":3233708979,"l":3233708980,"T":1696856257401,"m":false,"M":true}
{"e":"aggTrade","E":1696856257403,"s":"BTCUSDT","a":2720172432,"p":"27471.94000000","q":"0.00022000","f":3233708981,"l":3233708981,"T":1696856257401,"m":false,"M":true}
{"e":"aggTrade","E":1696856257403,"s":"BTCUSDT","a":2720172433,"p":"27471.96000000","q":"0.00060000","f":3233708982,"l":3233708982,"T":1696856257401,"m":false,"M":true}
{"e":"aggTrade","E":1696856257403,"s":"BTCUSDT","a":2720172434,"p":"27471.99000000","q":"0.00036000","f":3233708983,"l":3233708983,"T":1696856257401,"m":false,"M":true}
{"e":"aggTrade","E":1696856257403,"s":"BTCUSDT","a":2720172435,"p":"27472.04000000","q":"0.00058000","f":3233708984,"l":3233708985,"T":1696856257401,"m":false,"M":true}
{"e":"aggTrade","E":1696856257403,"s":"BTCUSDT","a":2720172436,"p":"27472.06000000","q":"0.00036000","f":3233708986,"l":3233708986,"T":1696856257401,"m":false,"M":true}
{"e":"aggTrade","E":1696856257403,"s":"BTCUSDT","a":2720172437,"p":"27472.13000000","q":"0.00036000","f":3233708987,"l":3233708987,"T":1696856257401,"m":false,"M":true}
{"e":"aggTrade","E":1696856257403,"s":"BTCUSDT","a":2720172438,"p":"27472.16000000","q":"0.00033000","f":3233708988,"l":3233708988,"T":1696856257401,"m":false,"M":true}
{"e":"aggTrade","E":1696856257403,"s":"BTCUSDT","a":2720172439,"p":"27472.20000000","q":"0.00061000","f":3233708989,"l":3233708990,"T":1696856257401,"m":false,"M":true}
{"e":"aggTrade","E":1696856257403,"s":"BTCUSDT","a":2720172440,"p":"27472.27000000","q":"0.00036000","f":3233708991,"l":3233708991,"T":1696856257401,"m":false,"M":true}
{"e":"aggTrade","E":1696856257403,"s":"BTCUSDT","a":2720172441,"p":"27472.28000000","q":"0.00033000","f":3233708992,"l":3233708992,"T":1696856257401,"m":false,"M":true}
{"e":"aggTrade","E":1696856257403,"s":"BTCUSDT","a":2720172442,"p":"27472.30000000","q":"0.00022000","f":3233708993,"l":3233708993,"T":1696856257401,"m":false,"M":true}
{"e":"aggTrade","E":1696856257403,"s":"BTCUSDT","a":2720172443,"p":"27472.34000000","q":"0.00036000","f":3233708994,"l":3233708994,"T":1696856257401,"m":false,"M":true}
{"e":"aggTrade","E":1696856257403,"s":"BTCUSDT","a":2720172444,"p":"27472.36000000","q":"0.00025000","f":3233708995,"l":3233708995,"T":1696856257401,"m":false,"M":true}
{"e":"aggTrade","E":1696856257403,"s":"BTCUSDT","a":2720172445,"p":"27472.40000000","q":"0.00033000","f":3233708996,"l":3233708996,"T":1696856257401,"m":false,"M":true}
{"e":"aggTrade","E":1696856257403,"s":"BTCUSDT","a":2720172446,"p":"27472.41000000","q":"0.00036000","f":3233708997,"l":3233708997,"T":1696856257401,"m":false,"M":true}
{"e":"aggTrade","E":1696856257403,"s":"BTCUSDT","a":2720172447,"p":"27472.48000000","q":"0.00036000","f":3233708998,"l":3233708998,"T":1696856257401,"m":false,"M":true}
{"e":"aggTrade","E":1696856257403,"s":"BTCUSDT","a":2720172448,"p":"27472.52000000","q":"0.00058000","f":3233708999,"l":3233709000,"T":1696856257401,"m":false,"M":true}
{"e":"aggTrade","E":1696856257403,"s":"BTCUSDT","a":2720172449,"p":"27472.55000000","q":"0.00036000","f":3233709001,"l":3233709001,"T":1696856257401,"m":false,"M":true}
{"e":"aggTrade","E":1696856257403,"s":"BTCUSDT","a":2720172450,"p":"27472.62000000","q":"0.00036000","f":3233709002,"l":3233709002,"T":1696856257401,"m":false,"M":true}
{"e":"aggTrade","E":1696856257403,"s":"BTCUSDT","a":2720172451,"p":"27472.64000000","q":"0.00033000","f":3233709003,"l":3233709003,"T":1696856257401,"m":false,"M":true}
{"e":"aggTrade","E":1696856257403,"s":"BTCUSDT","a":2720172452,"p":"27472.66000000","q":"0.00022000","f":3233709004,"l":3233709004,"T":1696856257401,"m":false,"M":true}
{"e":"aggTrade","E":1696856257403,"s":"BTCUSDT","a":2720172453,"p":"27472.68000000","q":"0.00025000","f":3233709005,"l":3233709005,"T":1696856257401,"m":false,"M":true}
{"e":"aggTrade","E":1696856257403,"s":"BTCUSDT","a":2720172454,"p":"27472.69000000","q":"0.00036000","f":3233709006,"l":3233709006,"T":1696856257401,"m":false,"M":true}
{"e":"aggTrade","E":1696856257403,"s":"BTCUSDT","a":2720172455,"p":"27472.73000000","q":"0.00933000","f":3233709007,"l":3233709007,"T":1696856257401,"m":false,"M":true}
{"e":"aggTrade","E":1696856257414,"s":"BTCUSDT","a":2720172456,"p":"27472.76000000","q":"0.00069000","f":3233709008,"l":3233709009,"T":1696856257413,"m":false,"M":true}
{"e":"aggTrade","E":1696856257443,"s":"BTCUSDT","a":2720172457,"p":"27472.78000000","q":"0.00019000","f":3233709010,"l":3233709010,"T":1696856257443,"m":false,"M":true}
{"e":"aggTrade","E":1696856257443,"s":"BTCUSDT","a":2720172458,"p":"27472.79000000","q":"0.00141000","f":3233709011,"l":3233709011,"T":1696856257443,"m":false,"M":true}
{"e":"aggTrade","E":1696856257595,"s":"BTCUSDT","a":2720172459,"p":"27472.78000000","q":"0.00526000","f":3233709012,"l":3233709012,"T":1696856257594,"m":true,"M":true}
{"e":"aggTrade","E":1696856257608,"s":"BTCUSDT","a":2720172460,"p":"27472.79000000","q":"0.00507000","f":3233709013,"l":3233709013,"T":1696856257607,"m":false,"M":true}
{"e":"aggTrade","E":1696856258343,"s":"BTCUSDT","a":2720172461,"p":"27472.78000000","q":"0.00200000","f":3233709014,"l":3233709014,"T":1696856258342,"m":true,"M":true}
{"e":"aggTrade","E":1696856258513,"s":"BTCUSDT","a":2720172462,"p":"27472.78000000","q":"0.00364000","f":3233709015,"l":3233709015,"T":1696856258513,"m":true,"M":true}
{"e":"aggTrade","E":1696856258666,"s":"BTCUSDT","a":2720172463,"p":"27472.79000000","q":"0.00432000","f":3233709016,"l":3233709018,"T":1696856258665,"m":false,"M":true}
{"e":"aggTrade","E":1696856258924,"s":"BTCUSDT","a":2720172464,"p":"27472.79000000","q":"0.01855000","f":3233709019,"l":3233709019,"T":1696856258923,"m":false,"M":true}
{"e":"aggTrade","E":1696856259447,"s":"BTCUSDT","a":2720172465,"p":"27472.78000000","q":"0.00036000","f":3233709020,"l":3233709020,"T":1696856259446,"m":true,"M":true}
{"e":"aggTrade","E":1696856260485,"s":"BTCUSDT","a":2720172466,"p":"27472.79000000","q":"0.00363000","f":3233709021,"l":3233709021,"T":1696856260484,"m":false,"M":true}
{"e":"aggTrade","E":1696856261717,"s":"BTCUSDT","a":2720172467,"p":"27472.79000000","q":"0.00709000","f":3233709022,"l":3233709022,"T":1696856261717,"m":false,"M":true}
{"e":"aggTrade","E":1696856262404,"s":"BTCUSDT","a":2720172468,"p":"27472.78000000","q":"0.00168000","f":3233709023,"l":3233709023,"T":1696856262403,"m":true,"M":true}
{"e":"aggTrade","E":1696856263265,"s":"BTCUSDT","a":2720172469,"p":"27472.79000000","q":"0.00146000","f":3233709024,"l":3233709024,"T":1696856263265,"m":false,"M":true}
{"e":"aggTrade","E":1696856263290,"s":"BTCUSDT","a":2720172470,"p":"27472.79000000","q":"0.00043000","f":3233709025,"l":3233709025,"T":1696856263290,"m":false,"M":true}
{"e":"aggTrade","E":1696856263488,"s":"BTCUSDT","a":2720172471,"p":"27472.79000000","q":"0.04685000","f":3233709026,"l":3233709026,"T":1696856263488,"m":false,"M":true}
{"e":"aggTrade","E":1696856263860,"s":"BTCUSDT","a":2720172472,"p":"27472.78000000","q":"0.00038000","f":3233709027,"l":3233709027,"T":1696856263859,"m":true,"M":true}
{"e":"aggTrade","E":1696856264072,"s":"BTCUSDT","a":2720172473,"p":"27472.78000000","q":"0.02249000","f":3233709028,"l":3233709028,"T":1696856264072,"m":true,"M":true}
{"e":"aggTrade","E":1696856264288,"s":"BTCUSDT","a":2720172474,"p":"27472.78000000","q":"0.00023000","f":3233709029,"l":3233709029,"T":1696856264287,"m":true,"M":true}
{"e":"aggTrade","E":1696856264361,"s":"BTCUSDT","a":2720172475,"p":"27472.79000000","q":"0.00116000","f":3233709030,"l":3233709030,"T":1696856264361,"m":false,"M":true}
{"e":"aggTrade","E":1696856264379,"s":"BTCUSDT","a":2720172476,"p":"27472.78000000","q":"0.07000000","f":3233709031,"l":3233709031,"T":1696856264378,"m":true,"M":true}
{"e":"aggTrade","E":1696856264494,"s":"BTCUSDT","a":2720172477,"p":"27472.79000000","q":"0.00426000","f":3233709032,"l":3233709032,"T":1696856264493,"m":false,"M":true}
{"e":"aggTrade","E":1696856264516,"s":"BTCUSDT","a":2720172478,"p":"27472.79000000","q":"0.00030000","f":3233709033,"l":3233709033,"T":1696856264515,"m":false,"M":true}
{"e":"aggTrade","E":1696856264541,"s":"BTCUSDT","a":2720172479,"p":"27472.79000000","q":"0.00040000","f":3233709034,"l":3233709034,"T":1696856264540,"m":false,"M":true}
{"e":"aggTrade","E":1696856264551,"s":"BTCUSDT","a":2720172480,"p":"27472.79000000","q":"0.00107000","f":3233709035,"l":3233709035,"T":1696856264551,"m":false,"M":true}
{"e":"aggTrade","E":1696856264565,"s":"BTCUSDT","a":2720172481,"p":"27472.79000000","q":"0.00040000","f":3233709036,"l":3233709036,"T":1696856264564,"m":false,"M":true}
{"e":"aggTrade","E":1696856264591,"s":"BTCUSDT","a":2720172482,"p":"27472.79000000","q":"0.00040000","f":3233709037,"l":3233709037,"T":1696856264590,"m":false,"M":true}
{"e":"aggTrade","E":1696856264614,"s":"BTCUSDT","a":2720172483,"p":"27472.79000000","q":"0.00040000","f":3233709038,"l":3233709038,"T":1696856264614,"m":false,"M":true}
{"e":"aggTrade","E":1696856264638,"s":"BTCUSDT","a":2720172484,"p":"27472.79000000","q":"0.00040000","f":3233709039,"l":3233709039,"T":1696856264638,"m":false,"M":true}
{"e":"aggTrade","E":1696856264923,"s":"BTCUSDT","a":2720172485,"p":"27472.78000000","q":"0.00359000","f":3233709040,"l":3233709040,"T":1696856264922,"m":true,"M":true}
{"e":"aggTrade","E":1696856265048,"s":"BTCUSDT","a":2720172486,"p":"27472.79000000","q":"0.00040000","f":3233709041,"l":3233709041,"T":1696856265047,"m":false,"M":true}
{"e":"aggTrade","E":1696856265072,"s":"BTCUSDT","a":2720172487,"p":"27472.79000000","q":"0.00033000","f":3233709042,"l":3233709042,"T":1696856265072,"m":false,"M":true}
{"e":"aggTrade","E":1696856265357,"s":"BTCUSDT","a":2720172488,"p":"27472.79000000","q":"0.00165000","f":3233709043,"l":3233709043,"T":1696856265356,"m":false,"M":true}
{"e":"aggTrade","E":1696856265476,"s":"BTCUSDT","a":2720172489,"p":"27472.78000000","q":"0.00154000","f":3233709044,"l":3233709044,"T":1696856265476,"m":true,"M":true}
{"e":"aggTrade","E":1696856265506,"s":"BTCUSDT","a":2720172490,"p":"27472.78000000","q":"0.00022000","f":3233709045,"l":3233709045,"T":1696856265505,"m":true,"M":true}
{"e":"aggTrade","E":1696856265583,"s":"BTCUSDT","a":2720172491,"p":"27472.78000000","q":"0.10758000","f":3233709046,"l":3233709047,"T":1696856265582,"m":true,"M":true}
{"e":"aggTrade","E":1696856267319,"s":"BTCUSDT","a":2720172492,"p":"27472.79000000","q":"0.00217000","f":3233709048,"l":3233709048,"T":1696856267319,"m":false,"M":true}
{"e":"aggTrade","E":1696856267413,"s":"BTCUSDT","a":2720172493,"p":"27472.78000000","q":"0.00162000","f":3233709049,"l":3233709049,"T":1696856267412,"m":true,"M":true}
{"e":"aggTrade","E":1696856267696,"s":"BTCUSDT","a":2720172494,"p":"27472.78000000","q":"0.00168000","f":3233709050,"l":3233709050,"T":1696856267696,"m":true,"M":true}
{"e":"aggTrade","E":1696856268113,"s":"BTCUSDT","a":2720172495,"p":"27472.79000000","q":"0.09374000","f":3233709051,"l":3233709051,"T":1696856268112,"m":false,"M":true}
{"e":"aggTrade","E":1696856268354,"s":"BTCUSDT","a":2720172496,"p":"27472.79000000","q":"0.00146000","f":3233709052,"l":3233709052,"T":1696856268354,"m":false,"M":true}
{"e":"aggTrade","E":1696856268602,"s":"BTCUSDT","a":2720172497,"p":"27472.79000000","q":"0.00094000","f":3233709053,"l":3233709053,"T":1696856268601,"m":false,"M":true}
{"e":"aggTrade","E":1696856268632,"s":"BTCUSDT","a":2720172498,"p":"27472.79000000","q":"0.00157000","f":3233709054,"l":3233709054,"T":1696856268632,"m":false,"M":true}
{"e":"aggTrade","E":1696856269342,"s":"BTCUSDT","a":2720172499,"p":"27472.79000000","q":"0.00212000","f":3233709055,"l":3233709055,"T":1696856269342,"m":false,"M":true}
{"e":"aggTrade","E":1696856269852,"s":"BTCUSDT","a":2720172500,"p":"27472.78000000","q":"0.00508000","f":3233709056,"l":3233709056,"T":1696856269852,"m":true,"M":true}
{"e":"aggTrade","E":1696856270063,"s":"BTCUSDT","a":2720172501,"p":"27472.79000000","q":"0.00182000","f":3233709057,"l":3233709057,"T":1696856270062,"m":false,"M":true}
{"e":"aggTrade","E":1696856270402,"s":"BTCUSDT","a":2720172502,"p":"27472.79000000","q":"0.00064000","f":3233709058,"l":3233709058,"T":1696856270402,"m":false,"M":true}
{"e":"aggTrade","E":1696856270506,"s":"BTCUSDT","a":2720172503,"p":"27472.78000000","q":"0.00291000","f":3233709059,"l":3233709059,"T":1696856270506,"m":true,"M":true}
{"e":"aggTrade","E":1696856270507,"s":"BTCUSDT","a":2720172504,"p":"27472.78000000","q":"0.00291000","f":3233709060,"l":3233709060,"T":1696856270506,"m":true,"M":true}
{"e":"aggTrade","E":1696856270509,"s":"BTCUSDT","a":2720172505,"p":"27472.78000000","q":"0.00071000","f":3233709061,"l":3233709061,"T":1696856270508,"m":true,"M":true}
{"e":"aggTrade","E":1696856270509,"s":"BTCUSDT","a":2720172506,"p":"27472.78000000","q":"0.00073000","f":3233709062,"l":3233709062,"T":1696856270508,"m":true,"M":true}
{"e":"aggTrade","E":1696856270843,"s":"BTCUSDT","a":2720172507,"p":"27472.79000000","q":"0.10387000","f":3233709063,"l":3233709063,"T":1696856270843,"m":false,"M":true}
{"e":"aggTrade","E":1696856271382,"s":"BTCUSDT","a":2720172508,"p":"27472.78000000","q":"0.00094000","f":3233709064,"l":3233709064,"T":1696856271382,"m":true,"M":true}
{"e":"aggTrade","E":1696856271606,"s":"BTCUSDT","a":2720172509,"p":"27472.79000000","q":"0.00485000","f":3233709065,"l":3233709065,"T":1696856271605,"m":false,"M":true}
{"e":"aggTrade","E":1696856271789,"s":"BTCUSDT","a":2720172510,"p":"27472.78000000","q":"0.00217000","f":3233709066,"l":3233709066,"T":1696856271788,"m":true,"M":true}
{"e":"aggTrade","E":1696856272060,"s":"BTCUSDT","a":2720172511,"p":"27472.79000000","q":"0.00272000","f":3233709067,"l":3233709067,"T":1696856272059,"m":false,"M":true}
{"e":"aggTrade","E":1696856272760,"s":"BTCUSDT","a":2720172512,"p":"27472.79000000","q":"0.00094000","f":3233709068,"l":3233709068,"T":1696856272760,"m":false,"M":true}
{"e":"aggTrade","E":1696856272938,"s":"BTCUSDT","a":2720172513,"p":"27472.79000000","q":"0.00106000","f":3233709069,"l":3233709069,"T":1696856272937,"m":false,"M":true}
{"e":"aggTrade","E":1696856273121,"s":"BTCUSDT","a":2720172514,"p":"27472.78000000","q":"0.01791000","f":3233709070,"l":3233709070,"T":1696856273121,"m":true,"M":true}
{"e":"aggTrade","E":1696856273392,"s":"BTCUSDT","a":2720172515,"p":"27472.79000000","q":"0.00510000","f":3233709071,"l":3233709071,"T":1696856273392,"m":false,"M":true}
{"e":"aggTrade","E":1696856273941,"s":"BTCUSDT","a":2720172516,"p":"27472.79000000","q":"0.00096000","f":3233709072,"l":3233709072,"T":1696856273940,"m":false,"M":true}
{"e":"aggTrade","E":1696856273964,"s":"BTCUSDT","a":2720172517,"p":"27472.79000000","q":"0.00101000","f":3233709073,"l":3233709073,"T":1696856273964,"m":false,"M":true}
{"e":"aggTrade","E":1696856274849,"s":"BTCUSDT","a":2720172518,"p":"27472.79000000","q":"0.00723000","f":3233709074,"l":3233709074,"T":1696856274849,"m":false,"M":true}
{"e":"aggTrade","E":1696856275069,"s":"BTCUSDT","a":2720172519,"p":"27472.78000000","q":"0.00094000","f":3233709075,"l":3233709075,"T":1696856275068,"m":true,"M":true}
{"e":"aggTrade","E":1696856276353,"s":"BTCUSDT","a":2720172520,"p":"27472.79000000","q":"0.00434000","f":3233709076,"l":3233709076,"T":1696856276352,"m":false,"M":true}
{"e":"aggTrade","E":1696856276401,"s":"BTCUSDT","a":2720172521,"p":"27472.79000000","q":"0.74243000","f":3233709077,"l":3233709079,"T":1696856276400,"m":false,"M":true}
{"e":"aggTrade","E":1696856277901,"s":"BTCUSDT","a":2720172522,"p":"27472.78000000","q":"0.00164000","f":3233709080,"l":3233709080,"T":1696856277900,"m":true,"M":true}
{"e":"aggTrade","E":1696856278042,"s":"BTCUSDT","a":2720172523,"p":"27472.78000000","q":"0.04596000","f":3233709081,"l":3233709081,"T":1696856278042,"m":true,"M":true}
{"e":"aggTrade","E":1696856278313,"s":"BTCUSDT","a":2720172524,"p":"27472.78000000","q":"0.00707000","f":3233709082,"l":3233709082,"T":1696856278313,"m":true,"M":true}
{"e":"aggTrade","E":1696856278436,"s":"BTCUSDT","a":2720172525,"p":"27472.79000000","q":"0.17680000","f":3233709083,"l":3233709091,"T":1696856278435,"m":false,"M":true}
{"e":"aggTrade","E":1696856278579,"s":"BTCUSDT","a":2720172526,"p":"27472.79000000","q":"0.06824000","f":3233709092,"l":3233709092,"T":1696856278579,"m":false,"M":true}
{"e":"aggTrade","E":1696856279574,"s":"BTCUSDT","a":2720172527,"p":"27472.79000000","q":"1.16332000","f":3233709093,"l":3233709101,"T":1696856279573,"m":false,"M":true}
{"e":"aggTrade","E":1696856279922,"s":"BTCUSDT","a":2720172528,"p":"27472.79000000","q":"0.00341000","f":3233709102,"l":3233709102,"T":1696856279921,"m":false,"M":true}
{"e":"aggTrade","E":1696856279923,"s":"BTCUSDT","a":2720172529,"p":"27472.79000000","q":"0.00213000","f":3233709103,"l":3233709103,"T":1696856279922,"m":false,"M":true}
{"e":"aggTrade","E":1696856279928,"s":"BTCUSDT","a":2720172530,"p":"27472.79000000","q":"0.00354000","f":3233709104,"l":3233709104,"T":1696856279927,"m":false,"M":true}
{"e":"aggTrade","E":1696856279929,"s":"BTCUSDT","a":2720172531,"p":"27472.78000000","q":"0.00386000","f":3233709105,"l":3233709105,"T":1696856279929,"m":true,"M":true}
{"e":"aggTrade","E":1696856279930,"s":"BTCUSDT","a":2720172532,"p":"27472.79000000","q":"0.00122000","f":3233709106,"l":3233709106,"T":1696856279929,"m":false,"M":true}
{"e":"aggTrade","E":1696856279930,"s":"BTCUSDT","a":2720172533,"p":"27472.79000000","q":"0.00266000","f":3233709107,"l":3233709107,"T":1696856279930,"m":false,"M":true}
{"e":"aggTrade","E":1696856279933,"s":"BTCUSDT","a":2720172534,"p":"27472.78000000","q":"0.00336000","f":3233709108,"l":3233709108,"T":1696856279933,"m":true,"M":true}
{"e":"aggTrade","E":1696856279934,"s":"BTCUSDT","a":2720172535,"p":"27472.78000000","q":"0.00117000","f":3233709109,"l":3233709109,"T":1696856279934,"m":true,"M":true}
{"e":"aggTrade","E":1696856279937,"s":"BTCUSDT","a":2720172536,"p":"27472.79000000","q":"0.00218000","f":3233709110,"l":3233709110,"T":1696856279936,"m":false,"M":true}
{"e":"aggTrade","E":1696856279937,"s":"BTCUSDT","a":2720172537,"p":"27472.78000000","q":"0.00320000","f":3233709111,"l":3233709111,"T":1696856279937,"m":true,"M":true}
{"e":"aggTrade","E":1696856279938,"s":"BTCUSDT","a":2720172538,"p":"27472.78000000","q":"0.00083000","f":3233709112,"l":3233709112,"T":1696856279938,"m":true,"M":true}
{"e":"aggTrade","E":1696856279939,"s":"BTCUSDT","a":2720172539,"p":"27472.78000000","q":"0.00132000","f":3233709113,"l":3233709113,"T":1696856279938,"m":true,"M":true}
{"e":"aggTrade","E":1696856279942,"s":"BTCUSDT","a":2720172540,"p":"27472.78000000","q":"0.00103000","f":3233709114,"l":3233709114,"T":1696856279942,"m":true,"M":true}
{"e":"aggTrade","E":1696856279946,"s":"BTCUSDT","a":2720172541,"p":"27472.78000000","q":"0.00304000","f":3233709115,"l":3233709115,"T":1696856279946,"m":true,"M":true}
{"e":"aggTrade","E":1696856279948,"s":"BTCUSDT","a":2720172542,"p":"27472.78000000","q":"0.00072000","f":3233709116,"l":3233709116,"T":1696856279947,"m":true,"M":true}
{"e":"aggTrade","E":1696856279948,"s":"BTCUSDT","a":2720172543,"p":"27472.79000000","q":"0.00209000","f":3233709117,"l":3233709117,"T":1696856279948,"m":false,"M":true}
{"e":"aggTrade","E":1696856279949,"s":"BTCUSDT","a":2720172544,"p":"27472.79000000","q":"0.00199000","f":3233709118,"l":3233709118,"T":1696856279949,"m":false,"M":true}
{"e":"aggTrade","E":1696856279953,"s":"BTCUSDT","a":2720172545,"p":"27472.79000000","q":"0.00117000","f":3233709119,"l":3233709119,"T":1696856279953,"m":false,"M":true}
{"e":"aggTrade","E":1696856279955,"s":"BTCUSDT","a":2720172546,"p":"27472.79000000","q":"0.00339000","f":3233709120,"l":3233709120,"T":1696856279955,"m":false,"M":true}
{"e":"aggTrade","E":1696856279955,"s":"BTCUSDT","a":2720172547,"p":"27472.78000000","q":"0.00268000","f":3233709121,"l":3233709121,"T":1696856279955,"m":true,"M":true}
{"e":"aggTrade","E":1696856279957,"s":"BTCUSDT","a":2720172548,"p":"27472.79000000","q":"0.00298000","f":3233709122,"l":3233709122,"T":1696856279956,"m":false,"M":true}
{"e":"aggTrade","E":1696856279958,"s":"BTCUSDT","a":2720172549,"p":"27472.78000000","q":"0.00325000","f":3233709123,"l":3233709123,"T":1696856279958,"m":true,"M":true}
{"e":"aggTrade","E":1696856279959,"s":"BTCUSDT","a":2720172550,"p":"27472.78000000","q":"0.00156000","f":3233709124,"l":3233709124,"T":1696856279958,"m":true,"M":true}
{"e":"aggTrade","E":1696856279959,"s":"BTCUSDT","a":2720172551,"p":"27472.78000000","q":"0.00248000","f":3233709125,"l":3233709125,"T":1696856279959,"m":true,"M":true}
{"e":"aggTrade","E":1696856279963,"s":"BTCUSDT","a":2720172552,"p":"27472.78000000","q":"0.00062000","f":3233709126,"l":3233709126,"T":1696856279962,"m":true,"M":true}
{"e":"aggTrade","E":1696856279965,"s":"BTCUSDT","a":2720172553,"p":"27472.79000000","q":"0.00229000","f":3233709127,"l":3233709127,"T":1696856279964,"m":false,"M":true}
{"e":"aggTrade","E":1696856279965,"s":"BTCUSDT","a":2720172554,"p":"27472.78000000","q":"0.00405000","f":3233709128,"l":3233709128,"T":1696856279964,"m":true,"M":true}
{"e":"aggTrade","E":1696856279967,"s":"BTCUSDT","a":2720172555,"p":"27472.78000000","q":"0.00333000","f":3233709129,"l":3233709129,"T":1696856279966,"m":true,"M":true}
{"e":"aggTrade","E":1696856279968,"s":"BTCUSDT","a":2720172556,"p":"27472.79000000","q":"0.00060000","f":3233709130,"l":3233709130,"T":1696856279967,"m":false,"M":true}
{"e":"aggTrade","E":1696856279972,"s":"BTCUSDT","a":2720172557,"p":"27472.78000000","q":"0.00133000","f":3233709131,"l":3233709131,"T":1696856279972,"m":true,"M":true}
{"e":"aggTrade","E":1696856279974,"s":"BTCUSDT","a":2720172558,"p":"27472.79000000","q":"0.00082000","f":3233709132,"l":3233709132,"T":1696856279973,"m":false,"M":true}
{"e":"aggTrade","E":1696856279974,"s":"BTCUSDT","a":2720172559,"p":"27472.79000000","q":"0.00296000","f":3233709133,"l":3233709133,"T":1696856279974,"m":false,"M":true}
{"e":"aggTrade","E":1696856279975,"s":"BTCUSDT","a":2720172560,"p":"27472.79000000","q":"0.00046000","f":3233709134,"l":3233709134,"T":1696856279974,"m":false,"M":true}
{"e":"aggTrade","E":1696856279975,"s":"BTCUSDT","a":2720172561,"p":"27472.79000000","q":"0.00218000","f":3233709135,"l":3233709135,"T":1696856279975,"m":false,"M":true}
{"e":"aggTrade","E":1696856279976,"s":"BTCUSDT","a":2720172562,"p":"27472.79000000","q":"0.00279000","f":3233709136,"l":3233709136,"T":1696856279976,"m":false,"M":true}
{"e":"aggTrade","E":1696856279979,"s":"BTCUSDT","a":2720172563,"p":"27472.78000000","q":"0.00180000","f":3233709137,"l":3233709137,"T":1696856279978,"m":true,"M":true}
{"e":"aggTrade","E":1696856279980,"s":"BTCUSDT","a":2720172564,"p":"27472.78000000","q":"0.00157000","f":3233709138,"l":3233709138,"T":1696856279979,"m":true,"M":true}
{"e":"aggTrade","E":1696856279981,"s":"BTCUSDT","a":2720172565,"p":"27472.78000000","q":"0.00299000","f":3233709139,"l":3233709139,"T":1696856279980,"m":true,"M":true}
{"e":"aggTrade","E":1696856279981,"s":"BTCUSDT","a":2720172566,"p":"27472.79000000","q":"0.00265000","f":3233709140,"l":3233709140,"T":1696856279981,"m":false,"M":true}
{"e":"aggTrade","E":1696856279982,"s":"BTCUSDT","a":2720172567,"p":"27472.79000000","q":"0.00232000","f":3233709141,"l":3233709141,"T":1696856279981,"m":false,"M":true}
{"e":"aggTrade","E":1696856279985,"s":"BTCUSDT","a":2720172568,"p":"27472.78000000","q":"0.00155000","f":3233709142,"l":3233709142,"T":1696856279984,"m":true,"M":true}
{"e":"aggTrade","E":1696856279985,"s":"BTCUSDT","a":2720172569,"p":"27472.79000000","q":"0.00318000","f":3233709143,"l":3233709143,"T":1696856279985,"m":false,"M":true}
{"e":"aggTrade","E":1696856279986,"s":"BTCUSDT","a":2720172570,"p":"27472.78000000","q":"0.00031000","f":3233709144,"l":3233709144,"T":1696856279985,"m":true,"M":true}
{"e":"aggTrade","E":1696856279989,"s":"BTCUSDT","a":2720172571,"p":"27472.78000000","q":"0.00242000","f":3233709145,"l":3233709145,"T":1696856279989,"m":true,"M":true}
{"e":"aggTrade","E":1696856279990,"s":"BTCUSDT","a":2720172572,"p":"27472.79000000","q":"0.00094000","f":3233709146,"l":3233709146,"T":1696856279989,"m":false,"M":true}
{"e":"aggTrade","E":1696856279990,"s":"BTCUSDT","a":2720172573,"p":"27472.79000000","q":"0.00296000","f":3233709147,"l":3233709147,"T":1696856279990,"m":false,"M":true}
{"e":"aggTrade","E":1696856279991,"s":"BTCUSDT","a":2720172574,"p":"27472.79000000","q":"0.00130000","f":3233709148,"l":3233709148,"T":1696856279990,"m":false,"M":true}
{"e":"aggTrade","E":1696856279992,"s":"BTCUSDT","a":2720172575,"p":"27472.79000000","q":"0.00231000","f":3233709149,"l":3233709149,"T":1696856279992,"m":false,"M":true}
{"e":"aggTrade","E":1696856279993,"s":"BTCUSDT","a":2720172576,"p":"27472.79000000","q":"0.00222000","f":3233709150,"l":3233709150,"T":1696856279992,"m":false,"M":true}
{"e":"aggTrade","E":1696856279995,"s":"BTCUSDT","a":2720172577,"p":"27472.78000000","q":"0.00380000","f":3233709151,"l":3233709151,"T":1696856279995,"m":true,"M":true}
{"e":"aggTrade","E":1696856279999,"s":"BTCUSDT","a":2720172578,"p":"27472.78000000","q":"0.00108000","f":3233709152,"l":3233709152,"T":1696856279998,"m":true,"M":true}
{"e":"aggTrade","E":1696856279999,"s":"BTCUSDT","a":2720172579,"p":"27472.78000000","q":"0.00395000","f":3233709153,"l":3233709153,"T":1696856279999,"m":true,"M":true}
{"e":"aggTrade","E":1696856280000,"s":"BTCUSDT","a":2720172580,"p":"27472.78000000","q":"0.00196000","f":3233709154,"l":3233709154,"T":1696856279999,"m":true,"M":true}
{"e":"aggTrade","E":1696856280000,"s":"BTCUSDT","a":2720172581,"p":"27472.79000000","q":"0.00175000","f":3233709155,"l":3233709155,"T":1696856279999,"m":false,"M":true}
{"e":"aggTrade","E":1696856280001,"s":"BTCUSDT","a":2720172582,"p":"27472.79000000","q":"0.00190000","f":3233709156,"l":3233709156,"T":1696856280000,"m":false,"M":true}
{"e":"aggTrade","E":1696856280001,"s":"BTCUSDT","a":2720172583,"p":"27472.78000000","q":"0.00117000","f":3233709157,"l":3233709157,"T":1696856280000,"m":true,"M":true}
{"e":"aggTrade","E":1696856280006,"s":"BTCUSDT","a":2720172584,"p":"27472.79000000","q":"0.00073000","f":3233709158,"l":3233709158,"T":1696856280005,"m":false,"M":true}
{"e":"aggTrade","E":1696856280006,"s":"BTCUSDT","a":2720172585,"p":"27472.78000000","q":"0.00205000","f":3233709159,"l":3233709159,"T":1696856280006,"m":true,"M":true}
{"e":"aggTrade","E":1696856280008,"s":"BTCUSDT","a":2720172586,"p":"27472.79000000","q":"0.00291000","f":3233709160,"l":3233709160,"T":1696856280008,"m":false,"M":true}
{"e":"aggTrade","E":1696856280009,"s":"BTCUSDT","a":2720172587,"p":"27472.79000000","q":"0.00117000","f":3233709161,"l":3233709161,"T":1696856280008,"m":false,"M":true}
{"e":"aggTrade","E":1696856280010,"s":"BTCUSDT","a":2720172588,"p":"27472.78000000","q":"0.00217000","f":3233709162,"l":3233709162,"T":1696856280009,"m":true,"M":true}
{"e":"aggTrade","E":1696856280010,"s":"BTCUSDT","a":2720172589,"p":"27472.79000000","q":"0.00066000","f":3233709163,"l":3233709163,"T":1696856280010,"m":false,"M":true}
{"e":"aggTrade","E":1696856280010,"s":"BTCUSDT","a":2720172590,"p":"27472.78000000","q":"0.00210000","f":3233709164,"l":3233709164,"T":1696856280010,"m":true,"M":true}
{"e":"aggTrade","E":1696856280011,"s":"BTCUSDT","a":2720172591,"p":"27472.78000000","q":"0.00299000","f":3233709165,"l":3233709165,"T":1696856280011,"m":true,"M":true}
{"e":"aggTrade","E":1696856280013,"s":"BTCUSDT","a":2720172592,"p":"27472.78000000","q":"0.00262000","f":3233709166,"l":3233709166,"T":1696856280012,"m":true,"M":true}
{"e":"aggTrade","E":1696856280014,"s":"BTCUSDT","a":2720172593,"p":"27472.78000000","q":"0.00376000","f":3233709167,"l":3233709167,"T":1696856280014,"m":true,"M":true}
{"e":"aggTrade","E":1696856280015,"s":"BTCUSDT","a":2720172594,"p":"27472.79000000","q":"0.00265000","f":3233709168,"l":3233709168,"T":1696856280015,"m":false,"M":true}
{"e":"aggTrade","E":1696856280024,"s":"BTCUSDT","a":2720172595,"p":"27472.79000000","q":"0.00098000","f":3233709169,"l":3233709169,"T":1696856280023,"m":false,"M":true}
{"e":"aggTrade","E":1696856280025,"s":"BTCUSDT","a":2720172596,"p":"27472.78000000","q":"0.00106000","f":3233709170,"l":3233709170,"T":1696856280024,"m":true,"M":true}
{"e":"aggTrade","E":1696856280026,"s":"BTCUSDT","a":2720172597,"p":"27472.78000000","q":"0.00384000","f":3233709171,"l":3233709171,"T":1696856280026,"m":true,"M":true}
{"e":"aggTrade","E":1696856280030,"s":"BTCUSDT","a":2720172598,"p":"27472.79000000","q":"0.00371000","f":3233709172,"l":3233709172,"T":1696856280029,"m":false,"M":true}
{"e":"aggTrade","E":1696856280031,"s":"BTCUSDT","a":2720172599,"p":"27472.78000000","q":"0.00078000","f":3233709173,"l":3233709173,"T":1696856280031,"m":true,"M":true}
{"e":"aggTrade","E":1696856280034,"s":"BTCUSDT","a":2720172600,"p":"27472.78000000","q":"0.00179000","f":3233709174,"l":3233709174,"T":1696856280033,"m":true,"M":true}
{"e":"aggTrade","E":1696856280038,"s":"BTCUSDT","a":2720172601,"p":"27472.79000000","q":"0.00298000","f":3233709175,"l":3233709175,"T":1696856280037,"m":false,"M":true}
{"e":"aggTrade","E":1696856280049,"s":"BTCUSDT","a":2720172602,"p":"27472.79000000","q":"0.00148000","f":3233709176,"l":3233709176,"T":1696856280048,"m":false,"M":true}
{"e":"aggTrade","E":1696856280053,"s":"BTCUSDT","a":2720172603,"p":"27472.79000000","q":"0.00105000","f":3233709177,"l":3233709177,"T":1696856280053,"m":false,"M":true}
{"e":"aggTrade","E":1696856280056,"s":"BTCUSDT","a":2720172604,"p":"27472.79000000","q":"0.00320000","f":3233709178,"l":3233709178,"T":1696856280056,"m":false,"M":true}
{"e":"aggTrade","E":1696856280057,"s":"BTCUSDT","a":2720172605,"p":"27472.79000000","q":"0.00386000","f":3233709179,"l":3233709179,"T":1696856280057,"m":false,"M":true}
{"e":"aggTrade","E":1696856280057,"s":"BTCUSDT","a":2720172606,"p":"27472.78000000","q":"0.00360000","f":3233709180,"l":3233709180,"T":1696856280057,"m":true,"M":true}
{"e":"aggTrade","E":1696856280058,"s":"BTCUSDT","a":2720172607,"p":"27472.79000000","q":"0.00351000","f":3233709181,"l":3233709181,"T":1696856280058,"m":false,"M":true}
{"e":"aggTrade","E":1696856280063,"s":"BTCUSDT","a":2720172608,"p":"27472.79000000","q":"0.00400000","f":3233709182,"l":3233709182,"T":1696856280063,"m":false,"M":true}
{"e":"aggTrade","E":1696856280064,"s":"BTCUSDT","a":2720172609,"p":"27472.78000000","q":"0.00381000","f":3233709183,"l":3233709183,"T":1696856280063,"m":true,"M":true}
{"e":"aggTrade","E":1696856280065,"s":"BTCUSDT","a":2720172610,"p":"27472.78000000","q":"0.00393000","f":3233709184,"l":3233709184,"T":1696856280064,"m":true,"M":true}
{"e":"aggTrade","E":1696856280074,"s":"BTCUSDT","a":2720172611,"p":"27472.79000000","q":"0.00181000","f":3233709185,"l":3233709185,"T":1696856280074,"m":false,"M":true}
{"e":"aggTrade","E":1696856280105,"s":"BTCUSDT","a":2720172612,"p":"27472.79000000","q":"0.00103000","f":3233709186,"l":3233709186,"T":1696856280104,"m":false,"M":true}
{"e":"aggTrade","E":1696856280153,"s":"BTCUSDT","a":2720172613,"p":"27472.79000000","q":"0.00108000","f":3233709187,"l":3233709187,"T":1696856280153,"m":false,"M":true}
{"e":"aggTrade","E":1696856280176,"s":"BTCUSDT","a":2720172614,"p":"27472.79000000","q":"0.00090000","f":3233709188,"l":3233709188,"T":1696856280175,"m":false,"M":true}
{"e":"aggTrade","E":1696856280869,"s":"BTCUSDT","a":2720172615,"p":"27472.79000000","q":"0.00264000","f":3233709189,"l":3233709189,"T":1696856280868,"m":false,"M":true}
{"e":"aggTrade","E":1696856281210,"s":"BTCUSDT","a":2720172616,"p":"27472.78000000","q":"0.00102000","f":3233709190,"l":3233709190,"T":1696856281210,"m":true,"M":true}
{"e":"aggTrade","E":1696856281369,"s":"BTCUSDT","a":2720172617,"p":"27472.78000000","q":"0.09051000","f":3233709191,"l":3233709195,"T":1696856281368,"m":true,"M":true}
{"e":"aggTrade","E":1696856281369,"s":"BTCUSDT","a":2720172618,"p":"27472.77000000","q":"0.17630000","f":3233709196,"l":3233709197,"T":1696856281368,"m":true,"M":true}
{"e":"aggTrade","E":1696856281370,"s":"BTCUSDT","a":2720172619,"p":"27472.75000000","q":"0.17602000","f":3233709198,"l":3233709199,"T":1696856281368,"m":true,"M":true}
{"e":"aggTrade","E":1696856281370,"s":"BTCUSDT","a":2720172620,"p":"27472.72000000","q":"0.17530000","f":3233709200,"l":3233709200,"T":1696856281368,"m":true,"M":true}
{"e":"aggTrade","E":1696856281370,"s":"BTCUSDT","a":2720172621,"p":"27472.69000000","q":"0.00036000","f":3233709201,"l":3233709201,"T":1696856281368,"m":true,"M":true}
{"e":"aggTrade","E":1696856281370,"s":"BTCUSDT","a":2720172622,"p":"27472.64000000","q":"0.00033000","f":3233709202,"l":3233709202,"T":1696856281368,"m":true,"M":true}
{"e":"aggTrade","E":1696856281370,"s":"BTCUSDT","a":2720172623,"p":"27472.62000000","q":"0.00036000","f":3233709203,"l":3233709203,"T":1696856281368,"m":true,"M":true}
{"e":"aggTrade","E":1696856281376,"s":"BTCUSDT","a":2720172624,"p":"27472.55000000","q":"0.00036000","f":3233709204,"l":3233709204,"T":1696856281375,"m":true,"M":true}
{"e":"aggTrade","E":1696856281380,"s":"BTCUSDT","a":2720172625,"p":"27472.52000000","q":"0.00058000","f":3233709205,"l":3233709206,"T":1696856281379,"m":true,"M":true}
{"e":"aggTrade","E":1696856281380,"s":"BTCUSDT","a":2720172626,"p":"27472.48000000","q":"0.00036000","f":3233709207,"l":3233709207,"T":1696856281379,"m":true,"M":true}
{"e":"aggTrade","E":1696856281380,"s":"BTCUSDT","a":2720172627,"p":"27472.41000000","q":"0.00036000","f":3233709208,"l":3233709208,"T":1696856281379,"m":true,"M":true}
{"e":"aggTrade","E":1696856281380,"s":"BTCUSDT","a":2720172628,"p":"27472.40000000","q":"0.00033000","f":3233709209,"l":3233709209,"T":1696856281379,"m":true,"M":true}
{"e":"aggTrade","E":1696856281380,"s":"BTCUSDT","a":2720172629,"p":"27472.36000000","q":"0.00025000","f":3233709210,"l":3233709210,"T":1696856281379,"m":true,"M":true}
{"e":"aggTrade","E":1696856281380,"s":"BTCUSDT","a":2720172630,"p":"27472.34000000","q":"0.00036000","f":3233709211,"l":3233709211,"T":1696856281379,"m":true,"M":true}
{"e":"aggTrade","E":1696856281380,"s":"BTCUSDT","a":2720172631,"p":"27472.30000000","q":"0.00022000","f":3233709212,"l":3233709212,"T":1696856281379,"m":true,"M":true}
{"e":"aggTrade","E":1696856281380,"s":"BTCUSDT","a":2720172632,"p":"27472.28000000","q":"0.00033000","f":3233709213,"l":3233709213,"T":1696856281379,"m":true,"M":true}
{"e":"aggTrade","E":1696856281380,"s":"BTCUSDT","a":2720172633,"p":"27472.27000000","q":"0.00181000","f":3233709214,"l":3233709215,"T":1696856281379,"m":true,"M":true}
{"e":"aggTrade","E":1696856281380,"s":"BTCUSDT","a":2720172634,"p":"27472.20000000","q":"0.00061000","f":3233709216,"l":3233709217,"T":1696856281379,"m":true,"M":true}
{"e":"aggTrade","E":1696856281380,"s":"BTCUSDT","a":2720172635,"p":"27472.16000000","q":"0.00033000","f":3233709218,"l":3233709218,"T":1696856281379,"m":true,"M":true}
{"e":"aggTrade","E":1696856281380,"s":"BTCUSDT","a":2720172636,"p":"27472.13000000","q":"0.00036000","f":3233709219,"l":3233709219,"T":1696856281379,"m":true,"M":true}
{"e":"aggTrade","E":1696856281380,"s":"BTCUSDT","a":2720172637,"p":"27472.06000000","q":"0.00036000","f":3233709220,"l":3233709220,"T":1696856281379,"m":true,"M":true}
{"e":"aggTrade","E":1696856281380,"s":"BTCUSDT","a":2720172638,"p":"27472.04000000","q":"0.00058000","f":3233709221,"l":3233709222,"T":1696856281379,"m":true,"M":true}
{"e":"aggTrade","E":1696856281380,"s":"BTCUSDT","a":2720172639,"p":"27472.00000000","q":"0.00364000","f":3233709223,"l":3233709223,"T":1696856281379,"m":true,"M":true}
{"e":"aggTrade","E":1696856281380,"s":"BTCUSDT","a":2720172640,"p":"27471.99000000","q":"0.00036000","f":3233709224,"l":3233709224,"T":1696856281379,"m":true,"M":true}
{"e":"aggTrade","E":1696856281380,"s":"BTCUSDT","a":2720172641,"p":"27471.94000000","q":"0.00022000","f":3233709225,"l":3233709225,"T":1696856281379,"m":true,"M":true}
{"e":"aggTrade","E":1696856281380,"s":"BTCUSDT","a":2720172642,"p":"27471.92000000","q":"0.00069000","f":3233709226,"l":3233709227,"T":1696856281379,"m":true,"M":true}
{"e":"aggTrade","E":1696856281380,"s":"BTCUSDT","a":2720172643,"p":"27471.88000000","q":"0.00025000","f":3233709228,"l":3233709228,"T":1696856281379,"m":true,"M":true}
{"e":"aggTrade","E":1696856281380,"s":"BTCUSDT","a":2720172644,"p":"27471.85000000","q":"0.00036000","f":3233709229,"l":3233709229,"T":1696856281379,"m":true,"M":true}
{"e":"aggTrade","E":1696856281380,"s":"BTCUSDT","a":2720172645,"p":"27471.80000000","q":"0.00033000","f":3233709230,"l":3233709230,"T":1696856281379,"m":true,"M":true}
{"e":"aggTrade","E":1696856281380,"s":"BTCUSDT","a":2720172646,"p":"27471.78000000","q":"0.00036000","f":3233709231,"l":3233709231,"T":1696856281379,"m":true,"M":true}
{"e":"aggTrade","E":1696856281380,"s":"BTCUSDT","a":2720172647,"p":"27471.72000000","q":"0.00025000","f":3233709232,"l":3233709232,"T":1696856281379,"m":true,"M":true}
{"e":"aggTrade","E":1696856281380,"s":"BTCUSDT","a":2720172648,"p":"27471.71000000","q":"0.00036000","f":3233709233,"l":3233709233,"T":1696856281379,"m":true,"M":true}
{"e":"aggTrade","E":1696856281380,"s":"BTCUSDT","a":2720172649,"p":"27471.68000000","q":"0.00033000","f":3233709234,"l":3233709234,"T":1696856281379,"m":true,"M":true}
{"e":"aggTrade","E":1696856281380,"s":"BTCUSDT","a":2720172650,"p":"27471.64000000","q":"0.00036000","f":3233709235,"l":3233709235,"T":1696856281379,"m":true,"M":true}
{"e":"aggTrade","E":1696856281380,"s":"BTCUSDT","a":2720172651,"p":"27471.58000000","q":"0.00022000","f":3233709236,"l":3233709236,"T":1696856281379,"m":true,"M":true}
{"e":"aggTrade","E":1696856281383,"s":"BTCUSDT","a":2720172652,"p":"27471.57000000","q":"0.00036000","f":3233709237,"l":3233709237,"T":1696856281382,"m":true,"M":true}
{"e":"aggTrade","E":1696856281413,"s":"BTCUSDT","a":2720172653,"p":"27471.56000000","q":"0.00130000","f":3233709238,"l":3233709240,"T":1696856281412,"m":true,"M":true}
{"e":"aggTrade","E":1696856281413,"s":"BTCUSDT","a":2720172654,"p":"27471.51000000","q":"0.00037000","f":3233709241,"l":3233709241,"T":1696856281412,"m":true,"M":true}
{"e":"aggTrade","E":1696856281413,"s":"BTCUSDT","a":2720172655,"p":"27471.50000000","q":"0.00036000","f":3233709242,"l":3233709242,"T":1696856281412,"m":true,"M":true}
{"e":"aggTrade","E":1696856281413,"s":"BTCUSDT","a":2720172656,"p":"27471.44000000","q":"0.00033000","f":3233709243,"l":3233709243,"T":1696856281412,"m":true,"M":true}
{"e":"aggTrade","E":1696856281413,"s":"BTCUSDT","a":2720172657,"p":"27471.43000000","q":"0.00036000","f":3233709244,"l":3233709244,"T":1696856281412,"m":true,"M":true}
{"e":"aggTrade","E":1696856281413,"s":"BTCUSDT","a":2720172658,"p":"27471.41000000","q":"0.02124000","f":3233709245,"l":3233709246,"T":1696856281412,"m":true,"M":true}
{"e":"aggTrade","E":1696856281416,"s":"BTCUSDT","a":2720172659,"p":"27471.41000000","q":"0.00728000","f":3233709247,"l":3233709247,"T":1696856281415,"m":true,"M":true}
{"e":"aggTrade","E":1696856281420,"s":"BTCUSDT","a":2720172660,"p":"27471.40000000","q":"0.00025000","f":3233709248,"l":3233709248,"T":1696856281419,"m":true,"M":true}
{"e":"aggTrade","E":1696856281425,"s":"BTCUSDT","a":2720172661,"p":"27471.36000000","q":"0.00036000","f":3233709249,"l":3233709249,"T":1696856281424,"m":true,"M":true}
{"e":"aggTrade","E":1696856281436,"s":"BTCUSDT","a":2720172662,"p":"27471.32000000","q":"0.00033000","f":3233709250,"l":3233709250,"T":1696856281432,"m":true,"M":true}
{"e":"aggTrade","E":1696856281443,"s":"BTCUSDT","a":2720172663,"p":"27471.29000000","q":"0.00036000","f":3233709251,"l":3233709251,"T":1696856281442,"m":true,"M":true}
{"e":"aggTrade","E":1696856281459,"s":"BTCUSDT","a":2720172664,"p":"27471.24000000","q":"0.00025000","f":3233709252,"l":3233709252,"T":1696856281458,"m":true,"M":true}
{"e":"aggTrade","E":1696856281459,"s":"BTCUSDT","a":2720172665,"p":"27471.22000000","q":"0.00058000","f":3233709253,"l":3233709254,"T":1696856281458,"m":true,"M":true}
{"e":"aggTrade","E":1696856281459,"s":"BTCUSDT","a":2720172666,"p":"27471.20000000","q":"0.00033000","f":3233709255,"l":3233709255,"T":1696856281458,"m":true,"M":true}
{"e":"aggTrade","E":1696856281459,"s":"BTCUSDT","a":2720172667,"p":"27471.15000000","q":"0.00036000","f":3233709256,"l":3233709256,"T":1696856281458,"m":true,"M":true}
{"e":"aggTrade","E":1696856281469,"s":"BTCUSDT","a":2720172668,"p":"27471.08000000","q":"0.00094000","f":3233709257,"l":3233709259,"T":1696856281463,"m":true,"M":true}
{"e":"aggTrade","E":1696856281473,"s":"BTCUSDT","a":2720172669,"p":"27471.01000000","q":"0.00036000","f":3233709260,"l":3233709260,"T":1696856281472,"m":true,"M":true}
{"e":"aggTrade","E":1696856281473,"s":"BTCUSDT","a":2720172670,"p":"27470.96000000","q":"0.00033000","f":3233709261,"l":3233709261,"T":1696856281472,"m":true,"M":true}
{"e":"aggTrade","E":1696856281473,"s":"BTCUSDT","a":2720172671,"p":"27470.94000000","q":"0.00036000","f":3233709262,"l":3233709262,"T":1696856281472,"m":true,"M":true}
{"e":"aggTrade","E":1696856281473,"s":"BTCUSDT","a":2720172672,"p":"27470.92000000","q":"0.00025000","f":3233709263,"l":3233709263,"T":1696856281472,"m":true,"M":true}
{"e":"aggTrade","E":1696856281473,"s":"BTCUSDT","a":2720172673,"p":"27470.87000000","q":"0.00036000","f":3233709264,"l":3233709264,"T":1696856281472,"m":true,"M":true}
{"e":"aggTrade","E":1696856281473,"s":"BTCUSDT","a":2720172674,"p":"27470.86000000","q":"0.00022000","f":3233709265,"l":3233709265,"T":1696856281472,"m":true,"M":true}
{"e":"aggTrade","E":1696856281473,"s":"BTCUSDT","a":2720172675,"p":"27470.84000000","q":"0.00033000","f":3233709266,"l":3233709266,"T":1696856281472,"m":true,"M":true}
{"e":"aggTrade","E":1696856281473,"s":"BTCUSDT","a":2720172676,"p":"27470.80000000","q":"0.00036000","f":3233709267,"l":3233709267,"T":1696856281472,"m":true,"M":true}
{"e":"aggTrade","E":1696856281473,"s":"BTCUSDT","a":2720172677,"p":"27470.76000000","q":"0.00025000","f":3233709268,"l":3233709268,"T":1696856281472,"m":true,"M":true}
{"e":"aggTrade","E":1696856281473,"s":"BTCUSDT","a":2720172678,"p":"27470.73000000","q":"0.00036000","f":3233709269,"l":3233709269,"T":1696856281472,"m":true,"M":true}
{"e":"aggTrade","E":1696856281473,"s":"BTCUSDT","a":2720172679,"p":"27470.72000000","q":"0.00033000","f":3233709270,"l":3233709270,"T":1696856281472,"m":true,"M":true}
{"e":"aggTrade","E":1696856281473,"s":"BTCUSDT","a":2720172680,"p":"27470.66000000","q":"0.00036000","f":3233709271,"l":3233709271,"T":1696856281472,"m":true,"M":true}
{"e":"aggTrade","E":1696856281473,"s":"BTCUSDT","a":2720172681,"p":"27470.60000000","q":"0.00058000","f":3233709272,"l":3233709273,"T":1696856281472,"m":true,"M":true}
{"e":"aggTrade","E":1696856281473,"s":"BTCUSDT","a":2720172682,"p":"27470.59000000","q":"0.00036000","f":3233709274,"l":3233709274,"T":1696856281472,"m":true,"M":true}
{"e":"aggTrade","E":1696856281473,"s":"BTCUSDT","a":2720172683,"p":"27470.57000000","q":"0.00060000","f":3233709275,"l":3233709275,"T":1696856281472,"m":true,"M":true}
{"e":"aggTrade","E":1696856281473,"s":"BTCUSDT","a":2720172684,"p":"27470.52000000","q":"0.00036000","f":3233709276,"l":3233709276,"T":1696856281472,"m":true,"M":true}
{"e":"aggTrade","E":1696856281473,"s":"BTCUSDT","a":2720172685,"p":"27470.50000000","q":"0.00022000","f":3233709277,"l":3233709277,"T":1696856281472,"m":true,"M":true}
{"e":"aggTrade","E":1696856281473,"s":"BTCUSDT","a":2720172686,"p":"27470.48000000","q":"0.00033000","f":3233709278,"l":3233709278,"T":1696856281472,"m":true,"M":true}
{"e":"aggTrade","E":1696856281474,"s":"BTCUSDT","a":2720172687,"p":"27470.45000000","q":"0.00036000","f":3233709279,"l":3233709279,"T":1696856281472,"m":true,"M":true}
{"e":"aggTrade","E":1696856281474,"s":"BTCUSDT","a":2720172688,"p":"27470.44000000","q":"0.00025000","f":3233709280,"l":3233709280,"T":1696856281472,"m":true,"M":true}
{"e":"aggTrade","E":1696856281474,"s":"BTCUSDT","a":2720172689,"p":"27470.38000000","q":"0.00036000","f":3233709281,"l":3233709281,"T":1696856281472,"m":true,"M":true}
{"e":"aggTrade","E":1696856281474,"s":"BTCUSDT","a":2720172690,"p":"27470.36000000","q":"0.00033000","f":3233709282,"l":3233709282,"T":1696856281472,"m":true,"M":true}
{"e":"aggTrade","E":1696856281474,"s":"BTCUSDT","a":2720172691,"p":"27470.31000000","q":"0.00036000","f":3233709283,"l":3233709283,"T":1696856281472,"m":true,"M":true}
{"e":"aggTrade","E":1696856281474,"s":"BTCUSDT","a":2720172692,"p":"27470.28000000","q":"0.00025000","f":3233709284,"l":3233709284,"T":1696856281472,"m":true,"M":true}
{"e":"aggTrade","E":1696856281474,"s":"BTCUSDT","a":2720172693,"p":"27470.24000000","q":"0.00069000","f":3233709285,"l":3233709286,"T":1696856281472,"m":true,"M":true}
{"e":"aggTrade","E":1696856281474,"s":"BTCUSDT","a":2720172694,"p":"27470.17000000","q":"0.00036000","f":3233709287,"l":3233709287,"T":1696856281472,"m":true,"M":true}
{"e":"aggTrade","E":1696856281552,"s":"BTCUSDT","a":2720172695,"p":"27470.17000000","q":"0.00100000","f":3233709288,"l":3233709288,"T":1696856281551,"m":false,"M":true}
{"e":"aggTrade","E":1696856281559,"s":"BTCUSDT","a":2720172696,"p":"27470.16000000","q":"0.00125000","f":3233709289,"l":3233709289,"T":1696856281558,"m":true,"M":true}
{"e":"aggTrade","E":1696856281699,"s":"BTCUSDT","a":2720172697,"p":"27470.16000000","q":"0.00056000","f":3233709290,"l":3233709290,"T":1696856281698,"m":true,"M":true}
{"e":"aggTrade","E":1696856281767,"s":"BTCUSDT","a":2720172698,"p":"27470.17000000","q":"0.00069000","f":3233709291,"l":3233709291,"T":1696856281766,"m":false,"M":true}
{"e":"aggTrade","E":1696856282185,"s":"BTCUSDT","a":2720172699,"p":"27470.17000000","q":"0.00534000","f":3233709292,"l":3233709292,"T":1696856282184,"m":false,"M":true}
{"e":"aggTrade","E":1696856282863,"s":"BTCUSDT","a":2720172700,"p":"27470.17000000","q":"0.00026000","f":3233709293,"l":3233709293,"T":1696856282862,"m":false,"M":true}
{"e":"aggTrade","E":1696856283275,"s":"BTCUSDT","a":2720172701,"p":"27470.17000000","q":"0.00435000","f":3233709294,"l":3233709294,"T":1696856283274,"m":false,"M":true}
{"e":"aggTrade","E":1696856283613,"s":"BTCUSDT","a":2720172702,"p":"27470.16000000","q":"0.00052000","f":3233709295,"l":3233709295,"T":1696856283612,"m":true,"M":true}
{"e":"aggTrade","E":1696856283943,"s":"BTCUSDT","a":2720172703,"p":"27470.16000000","q":"0.06548000","f":3233709296,"l":3233709296,"T":1696856283942,"m":true,"M":true}
{"e":"aggTrade","E":1696856284106,"s":"BTCUSDT","a":2720172704,"p":"27470.17000000","q":"0.00024000","f":3233709297,"l":3233709297,"T":1696856284105,"m":false,"M":true}
{"e":"aggTrade","E":1696856284297,"s":"BTCUSDT","a":2720172705,"p":"27470.17000000","q":"0.00023000","f":3233709298,"l":3233709298,"T":1696856284297,"m":false,"M":true}
{"e":"aggTrade","E":1696856284925,"s":"BTCUSDT","a":2720172706,"p":"27470.16000000","q":"0.01766000","f":3233709299,"l":3233709303,"T":1696856284924,"m":true,"M":true}
{"e":"aggTrade","E":1696856284925,"s":"BTCUSDT","a":2720172707,"p":"27470.14000000","q":"0.00022000","f":3233709304,"l":3233709304,"T":1696856284924,"m":true,"M":true}
{"e":"aggTrade","E":1696856284925,"s":"BTCUSDT","a":2720172708,"p":"27470.12000000","q":"0.00058000","f":3233709305,"l":3233709306,"T":1696856284924,"m":true,"M":true}
{"e":"aggTrade","E":1696856285083,"s":"BTCUSDT","a":2720172709,"p":"27470.11000000","q":"0.00645000","f":3233709307,"l":3233709307,"T":1696856285083,"m":true,"M":true}
{"e":"aggTrade","E":1696856285083,"s":"BTCUSDT","a":2720172710,"p":"27470.10000000","q":"0.00061000","f":3233709308,"l":3233709309,"T":1696856285083,"m":true,"M":true}
{"e":"aggTrade","E":1696856285087,"s":"BTCUSDT","a":2720172711,"p":"27470.05000000","q":"0.00112000","f":3233709310,"l":3233709310,"T":1696856285086,"m":true,"M":true}
{"e":"aggTrade","E":1696856285090,"s":"BTCUSDT","a":2720172712,"p":"27470.04000000","q":"0.00278000","f":3233709311,"l":3233709312,"T":1696856285089,"m":true,"M":true}
{"e":"aggTrade","E":1696856285097,"s":"BTCUSDT","a":2720172713,"p":"27470.03000000","q":"0.00036000","f":3233709313,"l":3233709313,"T":1696856285096,"m":true,"M":true}
{"e":"aggTrade","E":1696856285342,"s":"BTCUSDT","a":2720172714,"p":"27470.00000000","q":"0.00125000","f":3233709314,"l":3233709315,"T":1696856285341,"m":true,"M":true}
{"e":"aggTrade","E":1696856285350,"s":"BTCUSDT","a":2720172715,"p":"27470.00000000","q":"0.01183000","f":3233709316,"l":3233709316,"T":1696856285349,"m":true,"M":true}
{"e":"aggTrade","E":1696856285433,"s":"BTCUSDT","a":2720172716,"p":"27470.01000000","q":"0.00728000","f":3233709317,"l":3233709317,"T":1696856285432,"m":false,"M":true}
{"e":"aggTrade","E":1696856286381,"s":"BTCUSDT","a":2720172717,"p":"27470.00000000","q":"0.01140000","f":3233709318,"l":3233709318,"T":1696856286380,"m":true,"M":true}
{"e":"aggTrade","E":1696856286685,"s":"BTCUSDT","a":2720172718,"p":"27470.01000000","q":"0.01091000","f":3233709319,"l":3233709319,"T":1696856286685,"m":false,"M":true}
{"e":"aggTrade","E":1696856286853,"s":"BTCUSDT","a":2720172719,"p":"27470.01000000","q":"0.00034000","f":3233709320,"l":3233709320,"T":1696856286853,"m":false,"M":true}
{"e":"aggTrade","E":1696856287044,"s":"BTCUSDT","a":2720172720,"p":"27470.01000000","q":"0.00024000","f":3233709321,"l":3233709321,"T":1696856287044,"m":false,"M":true}
{"e":"aggTrade","E":1696856287273,"s":"BTCUSDT","a":2720172721,"p":"27470.00000000","q":"0.01237000","f":3233709322,"l":3233709323,"T":1696856287272,"m":true,"M":true}
{"e":"aggTrade","E":1696856287366,"s":"BTCUSDT","a":2720172722,"p":"27470.01000000","q":"0.00385000","f":3233709324,"l":3233709324,"T":1696856287366,"m":false,"M":true}
{"e":"aggTrade","E":1696856288916,"s":"BTCUSDT","a":2720172723,"p":"27470.00000000","q":"0.00023000","f":3233709325,"l":3233709325,"T":1696856288916,"m":true,"M":true}
{"e":"aggTrade","E":1696856289113,"s":"BTCUSDT","a":2720172724,"p":"27470.00000000","q":"0.00223000","f":3233709326,"l":3233709326,"T":1696856289112,"m":true,"M":true}
{"e":"aggTrade","E":1696856289164,"s":"BTCUSDT","a":2720172725,"p":"27470.00000000","q":"0.00065000","f":3233709327,"l":3233709327,"T":1696856289163,"m":true,"M":true}
{"e":"aggTrade","E":1696856289247,"s":"BTCUSDT","a":2720172726,"p":"27470.00000000","q":"0.00360000","f":3233709328,"l":3233709328,"T":1696856289247,"m":true,"M":true}
{"e":"aggTrade","E":1696856289747,"s":"BTCUSDT","a":2720172727,"p":"27470.00000000","q":"0.00186000","f":3233709329,"l":3233709329,"T":1696856289746,"m":true,"M":true}
{"e":"aggTrade","E":1696856290294,"s":"BTCUSDT","a":2720172728,"p":"27470.00000000","q":"0.00034000","f":3233709330,"l":3233709330,"T":1696856290294,"m":true,"M":true}
{"e":"aggTrade","E":1696856290431,"s":"BTCUSDT","a":2720172729,"p":"27470.00000000","q":"0.10396000","f":3233709331,"l":3233709337,"T":1696856290429,"m":true,"M":true}
{"e":"aggTrade","E":1696856290586,"s":"BTCUSDT","a":2720172730,"p":"27470.01000000","q":"0.00592000","f":3233709338,"l":3233709338,"T":1696856290585,"m":false,"M":true}
{"e":"aggTrade","E":1696856290909,"s":"BTCUSDT","a":2720172731,"p":"27470.00000000","q":"0.00054000","f":3233709339,"l":3233709339,"T":1696856290909,"m":true,"M":true}
{"e":"aggTrade","E":1696856291307,"s":"BTCUSDT","a":2720172732,"p":"27470.01000000","q":"0.00147000","f":3233709340,"l":3233709340,"T":1696856291307,"m":false,"M":true}
{"e":"aggTrade","E":1696856291388,"s":"BTCUSDT","a":2720172733,"p":"27470.00000000","q":"0.00184000","f":3233709341,"l":3233709341,"T":1696856291387,"m":true,"M":true}
{"e":"aggTrade","E":1696856291849,"s":"BTCUSDT","a":2720172734,"p":"27470.01000000","q":"0.00158000","f":3233709342,"l":3233709342,"T":1696856291849,"m":false,"M":true}
{"e":"aggTrade","E":1696856292462,"s":"BTCUSDT","a":2720172735,"p":"27470.00000000","q":"0.00035000","f":3233709343,"l":3233709343,"T":1696856292462,"m":true,"M":true}
{"e":"aggTrade","E":1696856292958,"s":"BTCUSDT","a":2720172736,"p":"27470.00000000","q":"0.00370000","f":3233709344,"l":3233709344,"T":1696856292958,"m":true,"M":true}
{"e":"aggTrade","E":1696856293701,"s":"BTCUSDT","a":2720172737,"p":"27470.00000000","q":"0.00107000","f":3233709345,"l":3233709345,"T":1696856293700,"m":true,"M":true}
{"e":"aggTrade","E":1696856293722,"s":"BTCUSDT","a":2720172738,"p":"27470.00000000","q":"0.00182000","f":3233709346,"l":3233709346,"T":1696856293721,"m":true,"M":true}
{"e":"aggTrade","E":1696856294097,"s":"BTCUSDT","a":2720172739,"p":"27470.01000000","q":"0.00101000","f":3233709347,"l":3233709347,"T":1696856294097,"m":false,"M":true}
{"e":"aggTrade","E":1696856294243,"s":"BTCUSDT","a":2720172740,"p":"27470.01000000","q":"0.00317000","f":3233709348,"l":3233709348,"T":1696856294242,"m":false,"M":true}
{"e":"aggTrade","E":1696856294810,"s":"BTCUSDT","a":2720172741,"p":"27470.00000000","q":"0.00100000","f":3233709349,"l":3233709349,"T":1696856294810,"m":true,"M":true}
{"e":"aggTrade","E":1696856294824,"s":"BTCUSDT","a":2720172742,"p":"27470.01000000","q":"0.02173000","f":3233709350,"l":3233709351,"T":1696856294823,"m":false,"M":true}
{"e":"aggTrade","E":1696856294978,"s":"BTCUSDT","a":2720172743,"p":"27470.00000000","q":"0.01668000","f":3233709352,"l":3233709352,"T":1696856294977,"m":true,"M":true}
{"e":"aggTrade","E":1696856295017,"s":"BTCUSDT","a":2720172744,"p":"27470.00000000","q":"0.00044000","f":3233709353,"l":3233709353,"T":1696856295017,"m":true,"M":true}
{"e":"aggTrade","E":1696856295087,"s":"BTCUSDT","a":2720172745,"p":"27470.00000000","q":"0.00726000","f":3233709354,"l":3233709354,"T":1696856295087,"m":true,"M":true}
{"e":"aggTrade","E":1696856295095,"s":"BTCUSDT","a":2720172746,"p":"27470.01000000","q":"0.08804000","f":3233709355,"l":3233709355,"T":1696856295094,"m":false,"M":true}
{"e":"aggTrade","E":1696856295939,"s":"BTCUSDT","a":2720172747,"p":"27470.00000000","q":"0.01085000","f":3233709356,"l":3233709356,"T":1696856295938,"m":true,"M":true}
{"e":"aggTrade","E":1696856296399,"s":"BTCUSDT","a":2720172748,"p":"27470.00000000","q":"0.01332000","f":3233709357,"l":3233709357,"T":1696856296399,"m":true,"M":true}
{"e":"aggTrade","E":1696856297161,"s":"BTCUSDT","a":2720172749,"p":"27470.01000000","q":"0.09480000","f":3233709358,"l":3233709358,"T":1696856297161,"m":false,"M":true}
{"e":"aggTrade","E":1696856297294,"s":"BTCUSDT","a":2720172750,"p":"27470.01000000","q":"0.00218000","f":3233709359,"l":3233709359,"T":1696856297294,"m":false,"M":true}
{"e":"aggTrade","E":1696856298224,"s":"BTCUSDT","a":2720172751,"p":"27470.01000000","q":"0.00029000","f":3233709360,"l":3233709360,"T":1696856298224,"m":false,"M":true}
{"e":"aggTrade","E":1696856298682,"s":"BTCUSDT","a":2720172752,"p":"27470.01000000","q":"0.00042000","f":3233709361,"l":3233709361,"T":1696856298682,"m":false,"M":true}
{"e":"aggTrade","E":1696856298774,"s":"BTCUSDT","a":2720172753,"p":"27470.00000000","q":"0.02218000","f":3233709362,"l":3233709362,"T":1696856298773,"m":true,"M":true}
{"e":"aggTrade","E":1696856299537,"s":"BTCUSDT","a":2720172754,"p":"27470.00000000","q":"0.05076000","f":3233709363,"l":3233709364,"T":1696856299537,"m":true,"M":true}
{"e":"aggTrade","E":1696856299548,"s":"BTCUSDT","a":2720172755,"p":"27470.00000000","q":"0.02040000","f":3233709365,"l":3233709365,"T":1696856299547,"m":true,"M":true}
{"e":"aggTrade","E":1696856299616,"s":"BTCUSDT","a":2720172756,"p":"27470.00000000","q":"0.00049000","f":3233709366,"l":3233709366,"T":1696856299616,"m":true,"M":true}
{"e":"aggTrade","E":1696856299683,"s":"BTCUSDT","a":2720172757,"p":"27470.00000000","q":"0.00191000","f":3233709367,"l":3233709368,"T":1696856299682,"m":true,"M":true}
{"e":"aggTrade","E":1696856299683,"s":"BTCUSDT","a":2720172758,"p":"27469.96000000","q":"0.00097000","f":3233709369,"l":3233709371,"T":1696856299682,"m":true,"M":true}
{"e":"aggTrade","E":1696856299683,"s":"BTCUSDT","a":2720172759,"p":"27469.89000000","q":"0.00036000","f":3233709372,"l":3233709372,"T":1696856299682,"m":true,"M":true}
{"e":"aggTrade","E":1696856299683,"s":"BTCUSDT","a":2720172760,"p":"27469.88000000","q":"0.00033000","f":3233709373,"l":3233709373,"T":1696856299682,"m":true,"M":true}
{"e":"aggTrade","E":1696856299872,"s":"BTCUSDT","a":2720172761,"p":"27469.87000000","q":"0.05460000","f":3233709374,"l":3233709374,"T":1696856299872,"m":false,"M":true}
{"e":"aggTrade","E":1696856300192,"s":"BTCUSDT","a":2720172762,"p":"27469.87000000","q":"0.00031000","f":3233709375,"l":3233709375,"T":1696856300191,"m":false,"M":true}
{"e":"aggTrade","E":1696856300707,"s":"BTCUSDT","a":2720172763,"p":"27469.87000000","q":"0.03562000","f":3233709376,"l":3233709377,"T":1696856300707,"m":false,"M":true}
{"e":"aggTrade","E":1696856300963,"s":"BTCUSDT","a":2720172764,"p":"27469.87000000","q":"0.00094000","f":3233709378,"l":3233709378,"T":1696856300963,"m":false,"M":true}
{"e":"aggTrade","E":1696856301070,"s":"BTCUSDT","a":2720172765,"p":"27469.87000000","q":"0.00146000","f":3233709379,"l":3233709379,"T":1696856301070,"m":false,"M":true}
{"e":"aggTrade","E":1696856301071,"s":"BTCUSDT","a":2720172766,"p":"27469.87000000","q":"0.00072000","f":3233709380,"l":3233709380,"T":1696856301070,"m":false,"M":true}
{"e":"aggTrade","E":1696856301432,"s":"BTCUSDT","a":2720172767,"p":"27469.87000000","q":"0.00059000","f":3233709381,"l":3233709381,"T":1696856301431,"m":false,"M":true}
{"e":"aggTrade","E":1696856301910,"s":"BTCUSDT","a":2720172768,"p":"27469.87000000","q":"0.00045000","f":3233709382,"l":3233709382,"T":1696856301909,"m":false,"M":true}
{"e":"aggTrade","E":1696856301913,"s":"BTCUSDT","a":2720172769,"p":"27469.86000000","q":"0.00429000","f":3233709383,"l":3233709383,"T":1696856301912,"m":true,"M":true}
{"e":"aggTrade","E":1696856302289,"s":"BTCUSDT","a":2720172770,"p":"27469.86000000","q":"0.06207000","f":3233709384,"l":3233709386,"T":1696856302287,"m":true,"M":true}
{"e":"aggTrade","E":1696856302289,"s":"BTCUSDT","a":2720172771,"p":"27469.82000000","q":"0.00036000","f":3233709387,"l":3233709387,"T":1696856302287,"m":true,"M":true}
{"e":"aggTrade","E":1696856302289,"s":"BTCUSDT","a":2720172772,"p":"27469.80000000","q":"0.00025000","f":3233709388,"l":3233709388,"T":1696856302287,"m":true,"M":true}
{"e":"aggTrade","E":1696856302289,"s":"BTCUSDT","a":2720172773,"p":"27469.78000000","q":"0.00022000","f":3233709389,"l":3233709389,"T":1696856302287,"m":true,"M":true}
{"e":"aggTrade","E":1696856302289,"s":"BTCUSDT","a":2720172774,"p":"27469.76000000","q":"0.00033000","f":3233709390,"l":3233709390,"T":1696856302287,"m":true,"M":true}
{"e":"aggTrade","E":1696856302289,"s":"BTCUSDT","a":2720172775,"p":"27469.75000000","q":"0.00036000","f":3233709391,"l":3233709391,"T":1696856302287,"m":true,"M":true}
{"e":"aggTrade","E":1696856302289,"s":"BTCUSDT","a":2720172776,"p":"27469.68000000","q":"0.00036000","f":3233709392,"l":3233709392,"T":1696856302287,"m":true,"M":true}
{"e":"aggTrade","E":1696856302289,"s":"BTCUSDT","a":2720172777,"p":"27469.64000000","q":"0.00058000","f":3233709393,"l":3233709394,"T":1696856302287,"m":true,"M":true}
{"e":"aggTrade","E":1696856302289,"s":"BTCUSDT","a":2720172778,"p":"27469.61000000","q":"0.00036000","f":3233709395,"l":3233709395,"T":1696856302287,"m":true,"M":true}
{"e":"aggTrade","E":1696856302289,"s":"BTCUSDT","a":2720172779,"p":"27469.54000000","q":"0.00036000","f":3233709396,"l":3233709396,"T":1696856302287,"m":true,"M":true}
{"e":"aggTrade","E":1696856302289,"s":"BTCUSDT","a":2720172780,"p":"27469.52000000","q":"0.00033000","f":3233709397,"l":3233709397,"T":1696856302287,"m":true,"M":true}
{"e":"aggTrade","E":1696856302289,"s":"BTCUSDT","a":2720172781,"p":"27469.47000000","q":"0.00036000","f":3233709398,"l":3233709398,"T":1696856302287,"m":true,"M":true}
{"e":"aggTrade","E":1696856302289,"s":"BTCUSDT","a":2720172782,"p":"27469.42000000","q":"0.00022000","f":3233709399,"l":3233709399,"T":1696856302287,"m":true,"M":true}
{"e":"aggTrade","E":1696856302289,"s":"BTCUSDT","a":2720172783,"p":"27469.40000000","q":"0.00069000","f":3233709400,"l":3233709401,"T":1696856302287,"m":true,"M":true}
{"e":"aggTrade","E":1696856302289,"s":"BTCUSDT","a":2720172784,"p":"27469.33000000","q":"0.00036000","f":3233709402,"l":3233709402,"T":1696856302287,"m":true,"M":true}
{"e":"aggTrade","E":1696856302289,"s":"BTCUSDT","a":2720172785,"p":"27469.28000000","q":"0.00033000","f":3233709403,"l":3233709403,"T":1696856302287,"m":true,"M":true}
{"e":"aggTrade","E":1696856302289,"s":"BTCUSDT","a":2720172786,"p":"27469.26000000","q":"0.00036000","f":3233709404,"l":3233709404,"T":1696856302287,"m":true,"M":true}
{"e":"aggTrade","E":1696856302289,"s":"BTCUSDT","a":2720172787,"p":"27469.19000000","q":"0.00036000","f":3233709405,"l":3233709405,"T":1696856302287,"m":true,"M":true}
{"e":"aggTrade","E":1696856302289,"s":"BTCUSDT","a":2720172788,"p":"27469.18000000","q":"0.00060000","f":3233709406,"l":3233709406,"T":1696856302287,"m":true,"M":true}
{"e":"aggTrade","E":1696856302289,"s":"BTCUSDT","a":2720172789,"p":"27469.16000000","q":"0.00033000","f":3233709407,"l":3233709407,"T":1696856302287,"m":true,"M":true}
{"e":"aggTrade","E":1696856302289,"s":"BTCUSDT","a":2720172790,"p":"27469.12000000","q":"0.00036000","f":3233709408,"l":3233709408,"T":1696856302287,"m":true,"M":true}
{"e":"aggTrade","E":1696856302289,"s":"BTCUSDT","a":2720172791,"p":"27469.06000000","q":"0.00022000","f":3233709409,"l":3233709409,"T":1696856302287,"m":true,"M":true}
{"e":"aggTrade","E":1696856302289,"s":"BTCUSDT","a":2720172792,"p":"27469.05000000","q":"0.00036000","f":3233709410,"l":3233709410,"T":1696856302287,"m":true,"M":true}
{"e":"aggTrade","E":1696856302289,"s":"BTCUSDT","a":2720172793,"p":"27469.04000000","q":"0.00033000","f":3233709411,"l":3233709411,"T":1696856302287,"m":true,"M":true}
{"e":"aggTrade","E":1696856302289,"s":"BTCUSDT","a":2720172794,"p":"27468.98000000","q":"0.00036000","f":3233709412,"l":3233709412,"T":1696856302287,"m":true,"M":true}
{"e":"aggTrade","E":1696856302289,"s":"BTCUSDT","a":2720172795,"p":"27468.92000000","q":"0.00033000","f":3233709413,"l":3233709413,"T":1696856302287,"m":true,"M":true}
{"e":"aggTrade","E":1696856302289,"s":"BTCUSDT","a":2720172796,"p":"27468.91000000","q":"0.00036000","f":3233709414,"l":3233709414,"T":1696856302287,"m":true,"M":true}
{"e":"aggTrade","E":1696856302289,"s":"BTCUSDT","a":2720172797,"p":"27468.84000000","q":"0.00036000","f":3233709415,"l":3233709415,"T":1696856302287,"m":true,"M":true}
{"e":"aggTrade","E":1696856302289,"s":"BTCUSDT","a":2720172798,"p":"27468.80000000","q":"0.00033000","f":3233709416,"l":3233709416,"T":1696856302287,"m":true,"M":true}
{"e":"aggTrade","E":1696856302289,"s":"BTCUSDT","a":2720172799,"p":"27468.77000000","q":"0.00036000","f":3233709417,"l":3233709417,"T":1696856302287,"m":true,"M":true}
