2023-10-11 10:26:38,099 - 99 - DEBUG - this is the stream arriving into the log
2023-10-11 10:26:38,099 - 99 - INFO - program is working as expected.
2023-10-11 10:26:38,099 - 99 - INFO - 2023-10-11_10-26-38 - {"e":"aggTrade","E":1697000199252,"s":"BTCUSDT","a":2721616506,"p":"27119.92000000","q":"0.00756000","f":3235517525,"l":3235517525,"T":1697000199251,"m":true,"M":true}
2023-10-11 10:26:38,297 - 297 - INFO - program is working as expected.
2023-10-11 10:26:38,297 - 297 - INFO - 2023-10-11_10-26-38 - {"result":null,"id":1}
2023-10-11 10:26:38,575 - 575 - INFO - program is working as expected.
2023-10-11 10:26:38,575 - 575 - INFO - 2023-10-11_10-26-38 - {"e":"aggTrade","E":1697000199766,"s":"BTCUSDT","a":2721616507,"p":"27119.93000000","q":"0.01000000","f":3235517526,"l":3235517526,"T":1697000199766,"m":false,"M":true}
2023-10-11 10:26:38,581 - 581 - INFO - program is working as expected.
2023-10-11 10:26:38,582 - 582 - INFO - 2023-10-11_10-26-38 - {"e":"aggTrade","E":1697000199767,"s":"BTCUSDT","a":2721616508,"p":"27119.93000000","q":"0.03200000","f":3235517527,"l":3235517527,"T":1697000199766,"m":false,"M":true}
2023-10-11 10:26:38,583 - 583 - INFO - program is working as expected.
2023-10-11 10:26:38,583 - 583 - INFO - 2023-10-11_10-26-38 - {"e":"aggTrade","E":1697000199767,"s":"BTCUSDT","a":2721616509,"p":"27119.93000000","q":"0.03200000","f":3235517528,"l":3235517528,"T":1697000199767,"m":false,"M":true}
2023-10-11 10:26:39,611 - 611 - INFO - program is working as expected.
2023-10-11 10:26:39,611 - 611 - INFO - 2023-10-11_10-26-39 - {"e":"aggTrade","E":1697000200285,"s":"BTCUSDT","a":2721616510,"p":"27119.92000000","q":"0.04880000","f":3235517529,"l":3235517530,"T":1697000200284,"m":true,"M":true}
2023-10-11 10:26:40,399 - 399 - INFO - program is working as expected.
2023-10-11 10:26:40,400 - 400 - INFO - 2023-10-11_10-26-40 - {"e":"aggTrade","E":1697000201075,"s":"BTCUSDT","a":2721616511,"p":"27119.93000000","q":"0.00041000","f":3235517531,"l":3235517531,"T":1697000201075,"m":false,"M":true}
2023-10-11 10:26:40,402 - 402 - INFO - program is working as expected.
2023-10-11 10:26:40,403 - 403 - INFO - 2023-10-11_10-26-40 - {"e":"aggTrade","E":1697000201276,"s":"BTCUSDT","a":2721616512,"p":"27119.93000000","q":"0.00082000","f":3235517532,"l":3235517532,"T":1697000201276,"m":false,"M":true}
2023-10-11 10:26:40,405 - 405 - INFO - program is working as expected.
2023-10-11 10:26:40,405 - 405 - INFO - 2023-10-11_10-26-40 - {"e":"aggTrade","E":1697000201344,"s":"BTCUSDT","a":2721616513,"p":"27119.93000000","q":"0.00184000","f":3235517533,"l":3235517533,"T":1697000201344,"m":false,"M":true}
2023-10-11 10:26:40,570 - 570 - INFO - program is working as expected.
2023-10-11 10:26:40,571 - 571 - INFO - 2023-10-11_10-26-40 - {"e":"aggTrade","E":1697000201571,"s":"BTCUSDT","a":2721616514,"p":"27119.93000000","q":"0.00046000","f":3235517534,"l":3235517534,"T":1697000201571,"m":false,"M":true}
2023-10-11 10:26:40,671 - 671 - INFO - program is working as expected.
2023-10-11 10:26:40,672 - 672 - INFO - 2023-10-11_10-26-40 - {"e":"aggTrade","E":1697000201837,"s":"BTCUSDT","a":2721616515,"p":"27119.92000000","q":"0.00372000","f":3235517535,"l":3235517535,"T":1697000201837,"m":true,"M":true}
2023-10-11 10:26:41,338 - 338 - INFO - program is working as expected.
2023-10-11 10:26:41,339 - 339 - INFO - 2023-10-11_10-26-41 - {"e":"aggTrade","E":1697000202388,"s":"BTCUSDT","a":2721616516,"p":"27119.92000000","q":"0.00021000","f":3235517536,"l":3235517536,"T":1697000202388,"m":true,"M":true}
2023-10-11 10:26:41,830 - 830 - INFO - program is working as expected.
2023-10-11 10:26:41,836 - 836 - INFO - 2023-10-11_10-26-41 - {"e":"aggTrade","E":1697000202801,"s":"BTCUSDT","a":2721616517,"p":"27119.92000000","q":"0.00750000","f":3235517537,"l":3235517537,"T":1697000202800,"m":true,"M":true}
2023-10-11 10:26:42,948 - 948 - INFO - program is working as expected.
2023-10-11 10:26:42,948 - 948 - INFO - 2023-10-11_10-26-42 - {"e":"aggTrade","E":1697000204127,"s":"BTCUSDT","a":2721616518,"p":"27119.93000000","q":"0.00058000","f":3235517538,"l":3235517538,"T":1697000204127,"m":false,"M":true}
2023-10-11 10:26:43,360 - 360 - INFO - program is working as expected.
2023-10-11 10:26:43,361 - 361 - INFO - 2023-10-11_10-26-43 - {"e":"aggTrade","E":1697000204534,"s":"BTCUSDT","a":2721616519,"p":"27119.92000000","q":"0.00501000","f":3235517539,"l":3235517539,"T":1697000204533,"m":true,"M":true}
2023-10-11 10:26:44,697 - 697 - INFO - program is working as expected.
2023-10-11 10:26:44,710 - 710 - INFO - 2023-10-11_10-26-44 - {"e":"aggTrade","E":1697000205844,"s":"BTCUSDT","a":2721616520,"p":"27119.93000000","q":"0.00235000","f":3235517540,"l":3235517540,"T":1697000205844,"m":false,"M":true}
2023-10-11 10:26:45,463 - 463 - INFO - program is working as expected.
2023-10-11 10:26:45,463 - 463 - INFO - 2023-10-11_10-26-45 - {"e":"aggTrade","E":1697000206637,"s":"BTCUSDT","a":2721616521,"p":"27119.92000000","q":"0.50830000","f":3235517541,"l":3235517541,"T":1697000206637,"m":true,"M":true}
2023-10-11 10:26:45,656 - 656 - INFO - program is working as expected.
2023-10-11 10:26:45,656 - 656 - INFO - 2023-10-11_10-26-45 - {"e":"aggTrade","E":1697000206814,"s":"BTCUSDT","a":2721616522,"p":"27119.93000000","q":"0.00110000","f":3235517542,"l":3235517542,"T":1697000206812,"m":false,"M":true}
2023-10-11 10:26:47,530 - 530 - INFO - program is working as expected.
2023-10-11 10:26:47,531 - 531 - INFO - 2023-10-11_10-26-47 - {"e":"aggTrade","E":1697000208708,"s":"BTCUSDT","a":2721616523,"p":"27119.93000000","q":"0.00184000","f":3235517543,"l":3235517543,"T":1697000208707,"m":false,"M":true}
2023-10-11 10:26:48,697 - 697 - INFO - program is working as expected.
2023-10-11 10:26:48,697 - 697 - INFO - 2023-10-11_10-26-48 - {"e":"aggTrade","E":1697000209877,"s":"BTCUSDT","a":2721616524,"p":"27119.92000000","q":"0.06268000","f":3235517544,"l":3235517544,"T":1697000209877,"m":true,"M":true}
2023-10-11 10:26:48,937 - 937 - INFO - program is working as expected.
2023-10-11 10:26:48,938 - 938 - INFO - 2023-10-11_10-26-48 - {"e":"aggTrade","E":1697000210100,"s":"BTCUSDT","a":2721616525,"p":"27119.92000000","q":"0.11515000","f":3235517545,"l":3235517546,"T":1697000210100,"m":true,"M":true}
2023-10-11 10:26:48,939 - 939 - INFO - program is working as expected.
2023-10-11 10:26:48,940 - 940 - INFO - 2023-10-11_10-26-48 - {"e":"aggTrade","E":1697000210119,"s":"BTCUSDT","a":2721616526,"p":"27119.92000000","q":"0.51040000","f":3235517547,"l":3235517547,"T":1697000210118,"m":true,"M":true}
2023-10-11 10:26:49,125 - 125 - INFO - program is working as expected.
2023-10-11 10:26:49,125 - 125 - INFO - 2023-10-11_10-26-49 - {"e":"aggTrade","E":1697000210305,"s":"BTCUSDT","a":2721616527,"p":"27119.92000000","q":"0.51740000","f":3235517548,"l":3235517557,"T":1697000210304,"m":true,"M":true}
2023-10-11 10:26:49,128 - 128 - INFO - program is working as expected.
2023-10-11 10:26:49,129 - 129 - INFO - 2023-10-11_10-26-49 - {"e":"aggTrade","E":1697000210308,"s":"BTCUSDT","a":2721616528,"p":"27119.92000000","q":"0.64770000","f":3235517558,"l":3235517565,"T":1697000210307,"m":true,"M":true}
2023-10-11 10:26:49,131 - 131 - INFO - program is working as expected.
2023-10-11 10:26:49,132 - 132 - INFO - 2023-10-11_10-26-49 - {"e":"aggTrade","E":1697000210311,"s":"BTCUSDT","a":2721616529,"p":"27119.92000000","q":"0.76730000","f":3235517566,"l":3235517566,"T":1697000210310,"m":true,"M":true}
2023-10-11 10:26:49,134 - 134 - INFO - program is working as expected.
2023-10-11 10:26:49,134 - 134 - INFO - 2023-10-11_10-26-49 - {"e":"aggTrade","E":1697000210316,"s":"BTCUSDT","a":2721616530,"p":"27119.92000000","q":"0.61258000","f":3235517567,"l":3235517567,"T":1697000210315,"m":true,"M":true}
2023-10-11 10:26:49,146 - 146 - INFO - program is working as expected.
2023-10-11 10:26:49,150 - 150 - INFO - 2023-10-11_10-26-49 - {"e":"aggTrade","E":1697000210320,"s":"BTCUSDT","a":2721616531,"p":"27119.92000000","q":"0.01324000","f":3235517568,"l":3235517568,"T":1697000210319,"m":true,"M":true}
2023-10-11 10:26:49,175 - 175 - INFO - program is working as expected.
2023-10-11 10:26:49,175 - 175 - INFO - 2023-10-11_10-26-49 - {"e":"aggTrade","E":1697000210350,"s":"BTCUSDT","a":2721616532,"p":"27119.92000000","q":"0.53023000","f":3235517569,"l":3235517571,"T":1697000210348,"m":true,"M":true}
2023-10-11 10:26:49,175 - 175 - INFO - program is working as expected.
2023-10-11 10:26:49,175 - 175 - INFO - 2023-10-11_10-26-49 - {"e":"aggTrade","E":1697000210350,"s":"BTCUSDT","a":2721616533,"p":"27119.85000000","q":"0.00690000","f":3235517572,"l":3235517572,"T":1697000210348,"m":true,"M":true}
2023-10-11 10:26:49,175 - 175 - INFO - program is working as expected.
2023-10-11 10:26:49,175 - 175 - INFO - 2023-10-11_10-26-49 - {"e":"aggTrade","E":1697000210350,"s":"BTCUSDT","a":2721616534,"p":"27119.82000000","q":"0.00036000","f":3235517573,"l":3235517573,"T":1697000210348,"m":true,"M":true}
2023-10-11 10:26:49,175 - 175 - INFO - program is working as expected.
2023-10-11 10:26:49,175 - 175 - INFO - 2023-10-11_10-26-49 - {"e":"aggTrade","E":1697000210350,"s":"BTCUSDT","a":2721616535,"p":"27119.75000000","q":"0.00036000","f":3235517574,"l":3235517574,"T":1697000210348,"m":true,"M":true}
2023-10-11 10:26:49,175 - 175 - INFO - program is working as expected.
2023-10-11 10:26:49,175 - 175 - INFO - 2023-10-11_10-26-49 - {"e":"aggTrade","E":1697000210350,"s":"BTCUSDT","a":2721616536,"p":"27119.72000000","q":"0.00058000","f":3235517575,"l":3235517576,"T":1697000210348,"m":true,"M":true}
2023-10-11 10:26:49,175 - 175 - INFO - program is working as expected.
2023-10-11 10:26:49,175 - 175 - INFO - 2023-10-11_10-26-49 - {"e":"aggTrade","E":1697000210350,"s":"BTCUSDT","a":2721616537,"p":"27119.68000000","q":"0.00036000","f":3235517577,"l":3235517577,"T":1697000210348,"m":true,"M":true}
2023-10-11 10:26:49,175 - 175 - INFO - program is working as expected.
2023-10-11 10:26:49,175 - 175 - INFO - 2023-10-11_10-26-49 - {"e":"aggTrade","E":1697000210350,"s":"BTCUSDT","a":2721616538,"p":"27119.61000000","q":"0.00036000","f":3235517578,"l":3235517578,"T":1697000210348,"m":true,"M":true}
2023-10-11 10:26:49,259 - 259 - INFO - program is working as expected.
2023-10-11 10:26:49,259 - 259 - INFO - 2023-10-11_10-26-49 - {"e":"aggTrade","E":1697000210350,"s":"BTCUSDT","a":2721616539,"p":"27119.60000000","q":"0.00033000","f":3235517579,"l":3235517579,"T":1697000210348,"m":true,"M":true}
2023-10-11 10:26:49,274 - 274 - INFO - program is working as expected.
2023-10-11 10:26:49,275 - 275 - INFO - 2023-10-11_10-26-49 - {"e":"aggTrade","E":1697000210350,"s":"BTCUSDT","a":2721616540,"p":"27119.56000000","q":"0.00025000","f":3235517580,"l":3235517580,"T":1697000210348,"m":true,"M":true}
2023-10-11 10:26:49,277 - 277 - INFO - program is working as expected.
2023-10-11 10:26:49,278 - 278 - INFO - 2023-10-11_10-26-49 - {"e":"aggTrade","E":1697000210350,"s":"BTCUSDT","a":2721616541,"p":"27119.54000000","q":"0.00036000","f":3235517581,"l":3235517581,"T":1697000210348,"m":true,"M":true}
2023-10-11 10:26:49,281 - 281 - INFO - program is working as expected.
2023-10-11 10:26:49,281 - 281 - INFO - 2023-10-11_10-26-49 - {"e":"aggTrade","E":1697000210350,"s":"BTCUSDT","a":2721616542,"p":"27119.50000000","q":"0.00022000","f":3235517582,"l":3235517582,"T":1697000210348,"m":true,"M":true}
2023-10-11 10:26:49,281 - 281 - INFO - program is working as expected.
2023-10-11 10:26:49,281 - 281 - INFO - 2023-10-11_10-26-49 - {"e":"aggTrade","E":1697000210350,"s":"BTCUSDT","a":2721616543,"p":"27119.48000000","q":"0.00033000","f":3235517583,"l":3235517583,"T":1697000210348,"m":true,"M":true}
2023-10-11 10:26:49,293 - 293 - INFO - program is working as expected.
2023-10-11 10:26:49,293 - 293 - INFO - 2023-10-11_10-26-49 - {"e":"aggTrade","E":1697000210350,"s":"BTCUSDT","a":2721616544,"p":"27119.47000000","q":"0.00036000","f":3235517584,"l":3235517584,"T":1697000210348,"m":true,"M":true}
2023-10-11 10:26:49,293 - 293 - INFO - program is working as expected.
2023-10-11 10:26:49,293 - 293 - INFO - 2023-10-11_10-26-49 - {"e":"aggTrade","E":1697000210350,"s":"BTCUSDT","a":2721616545,"p":"27119.40000000","q":"0.00061000","f":3235517585,"l":3235517586,"T":1697000210348,"m":true,"M":true}
2023-10-11 10:26:49,293 - 293 - INFO - program is working as expected.
2023-10-11 10:26:49,293 - 293 - INFO - 2023-10-11_10-26-49 - {"e":"aggTrade","E":1697000210350,"s":"BTCUSDT","a":2721616546,"p":"27119.36000000","q":"0.00033000","f":3235517587,"l":3235517587,"T":1697000210348,"m":true,"M":true}
2023-10-11 10:26:49,293 - 293 - INFO - program is working as expected.
2023-10-11 10:26:49,293 - 293 - INFO - 2023-10-11_10-26-49 - {"e":"aggTrade","E":1697000210350,"s":"BTCUSDT","a":2721616547,"p":"27119.33000000","q":"0.00036000","f":3235517588,"l":3235517588,"T":1697000210348,"m":true,"M":true}
2023-10-11 10:26:49,308 - 308 - INFO - program is working as expected.
2023-10-11 10:26:49,308 - 308 - INFO - 2023-10-11_10-26-49 - {"e":"aggTrade","E":1697000210350,"s":"BTCUSDT","a":2721616548,"p":"27119.26000000","q":"0.00036000","f":3235517589,"l":3235517589,"T":1697000210348,"m":true,"M":true}
2023-10-11 10:26:49,310 - 310 - INFO - program is working as expected.
2023-10-11 10:26:49,310 - 310 - INFO - 2023-10-11_10-26-49 - {"e":"aggTrade","E":1697000210350,"s":"BTCUSDT","a":2721616549,"p":"27119.24000000","q":"0.00058000","f":3235517590,"l":3235517591,"T":1697000210348,"m":true,"M":true}
2023-10-11 10:26:49,310 - 310 - INFO - program is working as expected.
2023-10-11 10:26:49,310 - 310 - INFO - 2023-10-11_10-26-49 - {"e":"aggTrade","E":1697000210350,"s":"BTCUSDT","a":2721616550,"p":"27119.19000000","q":"0.00036000","f":3235517592,"l":3235517592,"T":1697000210348,"m":true,"M":true}
2023-10-11 10:26:49,310 - 310 - INFO - program is working as expected.
2023-10-11 10:26:49,310 - 310 - INFO - 2023-10-11_10-26-49 - {"e":"aggTrade","E":1697000210350,"s":"BTCUSDT","a":2721616551,"p":"27119.18000000","q":"0.00677000","f":3235517593,"l":3235517593,"T":1697000210348,"m":true,"M":true}
2023-10-11 10:26:49,310 - 310 - INFO - program is working as expected.
2023-10-11 10:26:49,325 - 325 - INFO - 2023-10-11_10-26-49 - {"e":"aggTrade","E":1697000210350,"s":"BTCUSDT","a":2721616552,"p":"27119.14000000","q":"0.00022000","f":3235517594,"l":3235517594,"T":1697000210348,"m":true,"M":true}
2023-10-11 10:26:49,326 - 326 - INFO - program is working as expected.
2023-10-11 10:26:49,326 - 326 - INFO - 2023-10-11_10-26-49 - {"e":"aggTrade","E":1697000210350,"s":"BTCUSDT","a":2721616553,"p":"27119.12000000","q":"0.00069000","f":3235517595,"l":3235517596,"T":1697000210348,"m":true,"M":true}
2023-10-11 10:26:49,326 - 326 - INFO - program is working as expected.
2023-10-11 10:26:49,326 - 326 - INFO - 2023-10-11_10-26-49 - {"e":"aggTrade","E":1697000210350,"s":"BTCUSDT","a":2721616554,"p":"27119.08000000","q":"0.00025000","f":3235517597,"l":3235517597,"T":1697000210348,"m":true,"M":true}
2023-10-11 10:26:49,326 - 326 - INFO - program is working as expected.
2023-10-11 10:26:49,326 - 326 - INFO - 2023-10-11_10-26-49 - {"e":"aggTrade","E":1697000210350,"s":"BTCUSDT","a":2721616555,"p":"27119.05000000","q":"0.00036000","f":3235517598,"l":3235517598,"T":1697000210348,"m":true,"M":true}
2023-10-11 10:26:49,326 - 326 - INFO - program is working as expected.
2023-10-11 10:26:49,326 - 326 - INFO - 2023-10-11_10-26-49 - {"e":"aggTrade","E":1697000210350,"s":"BTCUSDT","a":2721616556,"p":"27119.01000000","q":"0.00037000","f":3235517599,"l":3235517599,"T":1697000210348,"m":true,"M":true}
2023-10-11 10:26:49,342 - 342 - INFO - program is working as expected.
2023-10-11 10:26:49,343 - 343 - INFO - 2023-10-11_10-26-49 - {"e":"aggTrade","E":1697000210350,"s":"BTCUSDT","a":2721616557,"p":"27119.00000000","q":"0.00033000","f":3235517600,"l":3235517600,"T":1697000210348,"m":true,"M":true}
2023-10-11 10:26:49,343 - 343 - INFO - program is working as expected.
2023-10-11 10:26:49,343 - 343 - INFO - 2023-10-11_10-26-49 - {"e":"aggTrade","E":1697000210350,"s":"BTCUSDT","a":2721616558,"p":"27118.98000000","q":"0.00036000","f":3235517601,"l":3235517601,"T":1697000210348,"m":true,"M":true}
2023-10-11 10:26:49,343 - 343 - INFO - program is working as expected.
2023-10-11 10:26:49,343 - 343 - INFO - 2023-10-11_10-26-49 - {"e":"aggTrade","E":1697000210350,"s":"BTCUSDT","a":2721616559,"p":"27118.92000000","q":"0.00025000","f":3235517602,"l":3235517602,"T":1697000210348,"m":true,"M":true}
2023-10-11 10:26:49,343 - 343 - INFO - program is working as expected.
2023-10-11 10:26:49,343 - 343 - INFO - 2023-10-11_10-26-49 - {"e":"aggTrade","E":1697000210350,"s":"BTCUSDT","a":2721616560,"p":"27118.91000000","q":"0.00036000","f":3235517603,"l":3235517603,"T":1697000210348,"m":true,"M":true}
2023-10-11 10:26:49,343 - 343 - INFO - program is working as expected.
2023-10-11 10:26:49,343 - 343 - INFO - 2023-10-11_10-26-49 - {"e":"aggTrade","E":1697000210350,"s":"BTCUSDT","a":2721616561,"p":"27118.88000000","q":"0.00033000","f":3235517604,"l":3235517604,"T":1697000210348,"m":true,"M":true}
2023-10-11 10:26:49,360 - 360 - INFO - program is working as expected.
2023-10-11 10:26:49,360 - 360 - INFO - 2023-10-11_10-26-49 - {"e":"aggTrade","E":1697000210350,"s":"BTCUSDT","a":2721616562,"p":"27118.84000000","q":"0.00036000","f":3235517605,"l":3235517605,"T":1697000210348,"m":true,"M":true}
2023-10-11 10:26:49,360 - 360 - INFO - program is working as expected.
2023-10-11 10:26:49,360 - 360 - INFO - 2023-10-11_10-26-49 - {"e":"aggTrade","E":1697000210350,"s":"BTCUSDT","a":2721616563,"p":"27118.78000000","q":"0.00022000","f":3235517606,"l":3235517606,"T":1697000210348,"m":true,"M":true}
2023-10-11 10:26:49,360 - 360 - INFO - program is working as expected.
2023-10-11 10:26:49,360 - 360 - INFO - 2023-10-11_10-26-49 - {"e":"aggTrade","E":1697000210350,"s":"BTCUSDT","a":2721616564,"p":"27118.77000000","q":"0.00036000","f":3235517607,"l":3235517607,"T":1697000210348,"m":true,"M":true}
2023-10-11 10:26:49,360 - 360 - INFO - program is working as expected.
2023-10-11 10:26:49,360 - 360 - INFO - 2023-10-11_10-26-49 - {"e":"aggTrade","E":1697000210350,"s":"BTCUSDT","a":2721616565,"p":"27118.76000000","q":"0.03517000","f":3235517608,"l":3235517610,"T":1697000210348,"m":true,"M":true}
2023-10-11 10:26:49,360 - 360 - INFO - program is working as expected.
2023-10-11 10:26:49,375 - 375 - INFO - 2023-10-11_10-26-49 - {"e":"aggTrade","E":1697000210359,"s":"BTCUSDT","a":2721616566,"p":"27118.70000000","q":"0.00036000","f":3235517611,"l":3235517611,"T":1697000210358,"m":true,"M":true}
2023-10-11 10:26:49,376 - 376 - INFO - program is working as expected.
2023-10-11 10:26:49,376 - 376 - INFO - 2023-10-11_10-26-49 - {"e":"aggTrade","E":1697000210360,"s":"BTCUSDT","a":2721616567,"p":"27118.70000000","q":"0.00260000","f":3235517612,"l":3235517612,"T":1697000210359,"m":true,"M":true}
2023-10-11 10:26:49,376 - 376 - INFO - program is working as expected.
2023-10-11 10:26:49,376 - 376 - INFO - 2023-10-11_10-26-49 - {"e":"aggTrade","E":1697000210397,"s":"BTCUSDT","a":2721616568,"p":"27118.71000000","q":"0.00173000","f":3235517613,"l":3235517613,"T":1697000210396,"m":false,"M":true}
2023-10-11 10:26:49,649 - 649 - INFO - program is working as expected.
2023-10-11 10:26:49,650 - 650 - INFO - 2023-10-11_10-26-49 - {"e":"aggTrade","E":1697000210818,"s":"BTCUSDT","a":2721616569,"p":"27118.71000000","q":"0.11000000","f":3235517614,"l":3235517615,"T":1697000210817,"m":false,"M":true}
2023-10-11 10:26:49,826 - 826 - INFO - program is working as expected.
2023-10-11 10:26:49,826 - 826 - INFO - 2023-10-11_10-26-49 - {"e":"aggTrade","E":1697000210835,"s":"BTCUSDT","a":2721616570,"p":"27118.71000000","q":"0.61556000","f":3235517616,"l":3235517618,"T":1697000210834,"m":false,"M":true}
2023-10-11 10:26:49,826 - 826 - INFO - program is working as expected.
2023-10-11 10:26:49,826 - 826 - INFO - 2023-10-11_10-26-49 - {"e":"aggTrade","E":1697000210836,"s":"BTCUSDT","a":2721616571,"p":"27118.71000000","q":"2.35613000","f":3235517619,"l":3235517630,"T":1697000210834,"m":false,"M":true}
2023-10-11 10:26:49,826 - 826 - INFO - program is working as expected.
2023-10-11 10:26:49,826 - 826 - INFO - 2023-10-11_10-26-49 - {"e":"aggTrade","E":1697000210836,"s":"BTCUSDT","a":2721616572,"p":"27118.84000000","q":"0.00036000","f":3235517631,"l":3235517631,"T":1697000210834,"m":false,"M":true}
2023-10-11 10:26:49,841 - 841 - INFO - program is working as expected.
2023-10-11 10:26:49,841 - 841 - INFO - 2023-10-11_10-26-49 - {"e":"aggTrade","E":1697000210836,"s":"BTCUSDT","a":2721616573,"p":"27118.88000000","q":"0.00033000","f":3235517632,"l":3235517632,"T":1697000210834,"m":false,"M":true}
2023-10-11 10:26:49,843 - 843 - INFO - program is working as expected.
2023-10-11 10:26:49,843 - 843 - INFO - 2023-10-11_10-26-49 - {"e":"aggTrade","E":1697000210836,"s":"BTCUSDT","a":2721616574,"p":"27118.92000000","q":"0.00025000","f":3235517633,"l":3235517633,"T":1697000210834,"m":false,"M":true}
2023-10-11 10:26:49,843 - 843 - INFO - program is working as expected.
2023-10-11 10:26:49,843 - 843 - INFO - 2023-10-11_10-26-49 - {"e":"aggTrade","E":1697000210836,"s":"BTCUSDT","a":2721616575,"p":"27118.98000000","q":"0.00036000","f":3235517634,"l":3235517634,"T":1697000210834,"m":false,"M":true}
2023-10-11 10:26:49,843 - 843 - INFO - program is working as expected.
2023-10-11 10:26:49,843 - 843 - INFO - 2023-10-11_10-26-49 - {"e":"aggTrade","E":1697000210836,"s":"BTCUSDT","a":2721616576,"p":"27118.99000000","q":"0.00037000","f":3235517635,"l":3235517635,"T":1697000210834,"m":false,"M":true}
2023-10-11 10:26:49,843 - 843 - INFO - program is working as expected.
2023-10-11 10:26:49,843 - 843 - INFO - 2023-10-11_10-26-49 - {"e":"aggTrade","E":1697000210836,"s":"BTCUSDT","a":2721616577,"p":"27119.00000000","q":"0.00033000","f":3235517636,"l":3235517636,"T":1697000210834,"m":false,"M":true}
2023-10-11 10:26:49,843 - 843 - INFO - program is working as expected.
2023-10-11 10:26:49,843 - 843 - INFO - 2023-10-11_10-26-49 - {"e":"aggTrade","E":1697000210836,"s":"BTCUSDT","a":2721616578,"p":"27119.05000000","q":"0.00036000","f":3235517637,"l":3235517637,"T":1697000210834,"m":false,"M":true}
2023-10-11 10:26:49,843 - 843 - INFO - program is working as expected.
2023-10-11 10:26:49,843 - 843 - INFO - 2023-10-11_10-26-49 - {"e":"aggTrade","E":1697000210836,"s":"BTCUSDT","a":2721616579,"p":"27119.08000000","q":"0.00025000","f":3235517638,"l":3235517638,"T":1697000210834,"m":false,"M":true}
2023-10-11 10:26:49,843 - 843 - INFO - program is working as expected.
2023-10-11 10:26:49,843 - 843 - INFO - 2023-10-11_10-26-49 - {"e":"aggTrade","E":1697000210836,"s":"BTCUSDT","a":2721616580,"p":"27119.12000000","q":"0.00069000","f":3235517639,"l":3235517640,"T":1697000210834,"m":false,"M":true}
2023-10-11 10:26:49,843 - 843 - INFO - program is working as expected.
2023-10-11 10:26:49,843 - 843 - INFO - 2023-10-11_10-26-49 - {"e":"aggTrade","E":1697000210836,"s":"BTCUSDT","a":2721616581,"p":"27119.14000000","q":"0.00022000","f":3235517641,"l":3235517641,"T":1697000210834,"m":false,"M":true}
2023-10-11 10:26:49,843 - 843 - INFO - program is working as expected.
2023-10-11 10:26:49,843 - 843 - INFO - 2023-10-11_10-26-49 - {"e":"aggTrade","E":1697000210836,"s":"BTCUSDT","a":2721616582,"p":"27119.19000000","q":"0.00036000","f":3235517642,"l":3235517642,"T":1697000210834,"m":false,"M":true}
2023-10-11 10:26:49,858 - 858 - INFO - program is working as expected.
2023-10-11 10:26:49,858 - 858 - INFO - 2023-10-11_10-26-49 - {"e":"aggTrade","E":1697000210836,"s":"BTCUSDT","a":2721616583,"p":"27119.24000000","q":"0.00058000","f":3235517643,"l":3235517644,"T":1697000210834,"m":false,"M":true}
2023-10-11 10:26:49,860 - 860 - INFO - program is working as expected.
2023-10-11 10:26:49,861 - 861 - INFO - 2023-10-11_10-26-49 - {"e":"aggTrade","E":1697000210836,"s":"BTCUSDT","a":2721616584,"p":"27119.26000000","q":"0.00036000","f":3235517645,"l":3235517645,"T":1697000210834,"m":false,"M":true}
2023-10-11 10:26:49,863 - 863 - INFO - program is working as expected.
2023-10-11 10:26:49,864 - 864 - INFO - 2023-10-11_10-26-49 - {"e":"aggTrade","E":1697000210839,"s":"BTCUSDT","a":2721616585,"p":"27119.36000000","q":"0.00033000","f":3235517646,"l":3235517646,"T":1697000210838,"m":false,"M":true}
2023-10-11 10:26:49,865 - 865 - INFO - program is working as expected.
2023-10-11 10:26:49,866 - 866 - INFO - 2023-10-11_10-26-49 - {"e":"aggTrade","E":1697000210839,"s":"BTCUSDT","a":2721616586,"p":"27119.40000000","q":"0.00025000","f":3235517647,"l":3235517647,"T":1697000210838,"m":false,"M":true}
2023-10-11 10:26:49,867 - 867 - INFO - program is working as expected.
2023-10-11 10:26:49,868 - 868 - INFO - 2023-10-11_10-26-49 - {"e":"aggTrade","E":1697000210839,"s":"BTCUSDT","a":2721616587,"p":"27119.47000000","q":"0.00036000","f":3235517648,"l":3235517648,"T":1697000210838,"m":false,"M":true}
2023-10-11 10:26:49,870 - 870 - INFO - program is working as expected.
2023-10-11 10:26:49,871 - 871 - INFO - 2023-10-11_10-26-49 - {"e":"aggTrade","E":1697000210839,"s":"BTCUSDT","a":2721616588,"p":"27119.48000000","q":"0.00033000","f":3235517649,"l":3235517649,"T":1697000210838,"m":false,"M":true}
2023-10-11 10:26:49,872 - 872 - INFO - program is working as expected.
2023-10-11 10:26:49,873 - 873 - INFO - 2023-10-11_10-26-49 - {"e":"aggTrade","E":1697000210839,"s":"BTCUSDT","a":2721616589,"p":"27119.50000000","q":"0.00022000","f":3235517650,"l":3235517650,"T":1697000210838,"m":false,"M":true}
2023-10-11 10:26:49,874 - 874 - INFO - program is working as expected.
2023-10-11 10:26:49,875 - 875 - INFO - 2023-10-11_10-26-49 - {"e":"aggTrade","E":1697000210839,"s":"BTCUSDT","a":2721616590,"p":"27119.54000000","q":"0.00036000","f":3235517651,"l":3235517651,"T":1697000210838,"m":false,"M":true}
2023-10-11 10:26:49,877 - 877 - INFO - program is working as expected.
2023-10-11 10:26:49,877 - 877 - INFO - 2023-10-11_10-26-49 - {"e":"aggTrade","E":1697000210839,"s":"BTCUSDT","a":2721616591,"p":"27119.56000000","q":"0.00025000","f":3235517652,"l":3235517652,"T":1697000210838,"m":false,"M":true}
2023-10-11 10:26:49,877 - 877 - INFO - program is working as expected.
2023-10-11 10:26:49,877 - 877 - INFO - 2023-10-11_10-26-49 - {"e":"aggTrade","E":1697000210839,"s":"BTCUSDT","a":2721616592,"p":"27119.60000000","q":"0.00033000","f":3235517653,"l":3235517653,"T":1697000210838,"m":false,"M":true}
2023-10-11 10:26:49,877 - 877 - INFO - program is working as expected.
2023-10-11 10:26:49,877 - 877 - INFO - 2023-10-11_10-26-49 - {"e":"aggTrade","E":1697000210839,"s":"BTCUSDT","a":2721616593,"p":"27119.61000000","q":"0.00036000","f":3235517654,"l":3235517654,"T":1697000210838,"m":false,"M":true}
2023-10-11 10:26:49,877 - 877 - INFO - program is working as expected.
2023-10-11 10:26:49,877 - 877 - INFO - 2023-10-11_10-26-49 - {"e":"aggTrade","E":1697000211025,"s":"BTCUSDT","a":2721616594,"p":"27119.64000000","q":"0.00536000","f":3235517655,"l":3235517656,"T":1697000211025,"m":true,"M":true}
2023-10-11 10:26:50,161 - 161 - INFO - program is working as expected.
2023-10-11 10:26:50,162 - 162 - INFO - 2023-10-11_10-26-50 - {"e":"aggTrade","E":1697000211360,"s":"BTCUSDT","a":2721616595,"p":"27119.64000000","q":"0.05463000","f":3235517657,"l":3235517657,"T":1697000211359,"m":true,"M":true}
2023-10-11 10:26:50,278 - 278 - INFO - program is working as expected.
2023-10-11 10:26:50,278 - 278 - INFO - 2023-10-11_10-26-50 - {"e":"aggTrade","E":1697000211446,"s":"BTCUSDT","a":2721616596,"p":"27119.65000000","q":"0.00402000","f":3235517658,"l":3235517659,"T":1697000211445,"m":false,"M":true}
2023-10-11 10:26:50,500 - 500 - INFO - program is working as expected.
2023-10-11 10:26:50,501 - 501 - INFO - 2023-10-11_10-26-50 - {"e":"aggTrade","E":1697000211656,"s":"BTCUSDT","a":2721616597,"p":"27119.64000000","q":"0.00201000","f":3235517660,"l":3235517660,"T":1697000211655,"m":true,"M":true}
2023-10-11 10:26:50,850 - 850 - INFO - program is working as expected.
2023-10-11 10:26:50,850 - 850 - INFO - 2023-10-11_10-26-50 - {"e":"aggTrade","E":1697000212008,"s":"BTCUSDT","a":2721616598,"p":"27119.64000000","q":"0.01067000","f":3235517661,"l":3235517661,"T":1697000212007,"m":true,"M":true}
2023-10-11 10:26:51,327 - 327 - INFO - program is working as expected.
2023-10-11 10:26:51,328 - 328 - INFO - 2023-10-11_10-26-51 - {"e":"aggTrade","E":1697000212482,"s":"BTCUSDT","a":2721616599,"p":"27119.64000000","q":"0.00596000","f":3235517662,"l":3235517662,"T":1697000212481,"m":true,"M":true}
2023-10-11 10:26:53,662 - 662 - INFO - program is working as expected.
2023-10-11 10:26:53,662 - 662 - INFO - 2023-10-11_10-26-53 - {"e":"aggTrade","E":1697000214822,"s":"BTCUSDT","a":2721616600,"p":"27119.65000000","q":"0.10000000","f":3235517663,"l":3235517663,"T":1697000214822,"m":false,"M":true}
2023-10-11 10:26:54,184 - 184 - INFO - program is working as expected.
2023-10-11 10:26:54,184 - 184 - INFO - 2023-10-11_10-26-54 - {"e":"aggTrade","E":1697000215382,"s":"BTCUSDT","a":2721616601,"p":"27119.64000000","q":"0.02858000","f":3235517664,"l":3235517664,"T":1697000215381,"m":true,"M":true}
2023-10-11 10:26:56,020 - 20 - INFO - program is working as expected.
2023-10-11 10:26:56,020 - 20 - INFO - 2023-10-11_10-26-56 - {"e":"aggTrade","E":1697000217222,"s":"BTCUSDT","a":2721616602,"p":"27119.64000000","q":"0.00198000","f":3235517665,"l":3235517665,"T":1697000217222,"m":true,"M":true}
2023-10-11 10:26:56,470 - 470 - INFO - program is working as expected.
2023-10-11 10:26:56,470 - 470 - INFO - 2023-10-11_10-26-56 - {"e":"aggTrade","E":1697000217662,"s":"BTCUSDT","a":2721616603,"p":"27119.65000000","q":"0.00020000","f":3235517666,"l":3235517666,"T":1697000217661,"m":false,"M":true}
2023-10-11 10:26:57,441 - 441 - INFO - program is working as expected.
2023-10-11 10:26:57,441 - 441 - INFO - 2023-10-11_10-26-57 - {"e":"aggTrade","E":1697000218631,"s":"BTCUSDT","a":2721616604,"p":"27119.65000000","q":"0.06200000","f":3235517667,"l":3235517667,"T":1697000218630,"m":false,"M":true}
2023-10-11 10:26:57,456 - 456 - INFO - program is working as expected.
2023-10-11 10:26:57,457 - 457 - INFO - 2023-10-11_10-26-57 - {"e":"aggTrade","E":1697000218631,"s":"BTCUSDT","a":2721616605,"p":"27119.65000000","q":"0.19273000","f":3235517668,"l":3235517675,"T":1697000218631,"m":false,"M":true}
2023-10-11 10:26:57,459 - 459 - INFO - program is working as expected.
2023-10-11 10:26:57,460 - 460 - INFO - 2023-10-11_10-26-57 - {"e":"aggTrade","E":1697000218632,"s":"BTCUSDT","a":2721616606,"p":"27119.65000000","q":"0.03200000","f":3235517676,"l":3235517676,"T":1697000218631,"m":false,"M":true}
2023-10-11 10:26:57,461 - 461 - INFO - program is working as expected.
2023-10-11 10:26:57,461 - 461 - INFO - 2023-10-11_10-26-57 - {"e":"aggTrade","E":1697000218633,"s":"BTCUSDT","a":2721616607,"p":"27119.65000000","q":"0.03200000","f":3235517677,"l":3235517678,"T":1697000218633,"m":false,"M":true}
2023-10-11 10:26:57,461 - 461 - INFO - program is working as expected.
2023-10-11 10:26:57,461 - 461 - INFO - 2023-10-11_10-26-57 - {"e":"aggTrade","E":1697000218635,"s":"BTCUSDT","a":2721616608,"p":"27119.65000000","q":"0.00564000","f":3235517679,"l":3235517679,"T":1697000218635,"m":false,"M":true}
2023-10-11 10:26:57,601 - 601 - INFO - program is working as expected.
2023-10-11 10:26:57,603 - 603 - INFO - 2023-10-11_10-26-57 - {"e":"aggTrade","E":1697000218647,"s":"BTCUSDT","a":2721616609,"p":"27119.65000000","q":"0.04191000","f":3235517680,"l":3235517681,"T":1697000218646,"m":false,"M":true}
2023-10-11 10:26:57,606 - 606 - INFO - program is working as expected.
2023-10-11 10:26:57,606 - 606 - INFO - 2023-10-11_10-26-57 - {"e":"aggTrade","E":1697000218654,"s":"BTCUSDT","a":2721616610,"p":"27119.65000000","q":"0.05033000","f":3235517682,"l":3235517682,"T":1697000218653,"m":false,"M":true}
2023-10-11 10:26:57,608 - 608 - INFO - program is working as expected.
2023-10-11 10:26:57,610 - 610 - INFO - 2023-10-11_10-26-57 - {"e":"aggTrade","E":1697000218661,"s":"BTCUSDT","a":2721616611,"p":"27119.65000000","q":"0.05597000","f":3235517683,"l":3235517683,"T":1697000218660,"m":false,"M":true}
2023-10-11 10:26:57,612 - 612 - INFO - program is working as expected.
2023-10-11 10:26:57,612 - 612 - INFO - 2023-10-11_10-26-57 - {"e":"aggTrade","E":1697000218672,"s":"BTCUSDT","a":2721616612,"p":"27119.65000000","q":"0.05597000","f":3235517684,"l":3235517684,"T":1697000218671,"m":false,"M":true}
2023-10-11 10:26:57,614 - 614 - INFO - program is working as expected.
2023-10-11 10:26:57,614 - 614 - INFO - 2023-10-11_10-26-57 - {"e":"aggTrade","E":1697000218675,"s":"BTCUSDT","a":2721616613,"p":"27119.65000000","q":"0.01904000","f":3235517685,"l":3235517685,"T":1697000218675,"m":false,"M":true}
2023-10-11 10:26:57,616 - 616 - INFO - program is working as expected.
2023-10-11 10:26:57,616 - 616 - INFO - 2023-10-11_10-26-57 - {"e":"aggTrade","E":1697000218692,"s":"BTCUSDT","a":2721616614,"p":"27119.65000000","q":"0.03693000","f":3235517686,"l":3235517686,"T":1697000218691,"m":false,"M":true}
2023-10-11 10:26:57,618 - 618 - INFO - program is working as expected.
2023-10-11 10:26:57,618 - 618 - INFO - 2023-10-11_10-26-57 - {"e":"aggTrade","E":1697000218721,"s":"BTCUSDT","a":2721616615,"p":"27119.65000000","q":"0.05597000","f":3235517687,"l":3235517687,"T":1697000218721,"m":false,"M":true}
2023-10-11 10:26:57,619 - 619 - INFO - program is working as expected.
2023-10-11 10:26:57,620 - 620 - INFO - 2023-10-11_10-26-57 - {"e":"aggTrade","E":1697000218724,"s":"BTCUSDT","a":2721616616,"p":"27119.65000000","q":"0.01904000","f":3235517688,"l":3235517688,"T":1697000218723,"m":false,"M":true}
2023-10-11 10:26:57,621 - 621 - INFO - program is working as expected.
2023-10-11 10:26:57,621 - 621 - INFO - 2023-10-11_10-26-57 - {"e":"aggTrade","E":1697000218727,"s":"BTCUSDT","a":2721616617,"p":"27119.65000000","q":"0.03691000","f":3235517689,"l":3235517689,"T":1697000218727,"m":false,"M":true}
2023-10-11 10:26:57,624 - 624 - INFO - program is working as expected.
2023-10-11 10:26:57,625 - 625 - INFO - 2023-10-11_10-26-57 - {"e":"aggTrade","E":1697000218730,"s":"BTCUSDT","a":2721616618,"p":"27119.68000000","q":"0.00036000","f":3235517690,"l":3235517690,"T":1697000218730,"m":false,"M":true}
2023-10-11 10:26:57,627 - 627 - INFO - program is working as expected.
2023-10-11 10:26:57,627 - 627 - INFO - 2023-10-11_10-26-57 - {"e":"aggTrade","E":1697000218735,"s":"BTCUSDT","a":2721616619,"p":"27119.72000000","q":"0.00058000","f":3235517691,"l":3235517692,"T":1697000218735,"m":false,"M":true}
2023-10-11 10:26:57,627 - 627 - INFO - program is working as expected.
2023-10-11 10:26:57,627 - 627 - INFO - 2023-10-11_10-26-57 - {"e":"aggTrade","E":1697000218742,"s":"BTCUSDT","a":2721616620,"p":"27119.75000000","q":"0.00036000","f":3235517693,"l":3235517693,"T":1697000218742,"m":false,"M":true}
2023-10-11 10:26:57,627 - 627 - INFO - program is working as expected.
2023-10-11 10:26:57,627 - 627 - INFO - 2023-10-11_10-26-57 - {"e":"aggTrade","E":1697000218756,"s":"BTCUSDT","a":2721616621,"p":"27119.82000000","q":"0.00036000","f":3235517694,"l":3235517694,"T":1697000218755,"m":false,"M":true}
2023-10-11 10:26:57,627 - 627 - INFO - program is working as expected.
2023-10-11 10:26:57,627 - 627 - INFO - 2023-10-11_10-26-57 - {"e":"aggTrade","E":1697000218763,"s":"BTCUSDT","a":2721616622,"p":"27119.84000000","q":"0.00033000","f":3235517695,"l":3235517695,"T":1697000218763,"m":false,"M":true}
2023-10-11 10:26:57,627 - 627 - INFO - program is working as expected.
2023-10-11 10:26:57,627 - 627 - INFO - 2023-10-11_10-26-57 - {"e":"aggTrade","E":1697000218765,"s":"BTCUSDT","a":2721616623,"p":"27119.86000000","q":"0.00022000","f":3235517696,"l":3235517696,"T":1697000218764,"m":false,"M":true}
2023-10-11 10:26:57,640 - 640 - INFO - program is working as expected.
2023-10-11 10:26:57,641 - 641 - INFO - 2023-10-11_10-26-57 - {"e":"aggTrade","E":1697000218765,"s":"BTCUSDT","a":2721616624,"p":"27119.88000000","q":"0.00025000","f":3235517697,"l":3235517697,"T":1697000218764,"m":false,"M":true}
2023-10-11 10:26:57,643 - 643 - INFO - program is working as expected.
2023-10-11 10:26:57,643 - 643 - INFO - 2023-10-11_10-26-57 - {"e":"aggTrade","E":1697000218765,"s":"BTCUSDT","a":2721616625,"p":"27119.89000000","q":"0.00036000","f":3235517698,"l":3235517698,"T":1697000218764,"m":false,"M":true}
2023-10-11 10:26:57,645 - 645 - INFO - program is working as expected.
2023-10-11 10:26:57,645 - 645 - INFO - 2023-10-11_10-26-57 - {"e":"aggTrade","E":1697000218765,"s":"BTCUSDT","a":2721616626,"p":"27119.92000000","q":"0.00670000","f":3235517699,"l":3235517699,"T":1697000218764,"m":false,"M":true}
2023-10-11 10:26:57,646 - 646 - INFO - program is working as expected.
2023-10-11 10:26:57,647 - 647 - INFO - 2023-10-11_10-26-57 - {"e":"aggTrade","E":1697000218777,"s":"BTCUSDT","a":2721616627,"p":"27119.93000000","q":"0.10939000","f":3235517700,"l":3235517703,"T":1697000218777,"m":false,"M":true}
2023-10-11 10:26:57,649 - 649 - INFO - program is working as expected.
2023-10-11 10:26:57,649 - 649 - INFO - 2023-10-11_10-26-57 - {"e":"aggTrade","E":1697000218789,"s":"BTCUSDT","a":2721616628,"p":"27119.93000000","q":"0.10202000","f":3235517704,"l":3235517705,"T":1697000218789,"m":false,"M":true}
2023-10-11 10:26:57,649 - 649 - INFO - program is working as expected.
2023-10-11 10:26:57,649 - 649 - INFO - 2023-10-11_10-26-57 - {"e":"aggTrade","E":1697000218796,"s":"BTCUSDT","a":2721616629,"p":"27119.93000000","q":"0.10202000","f":3235517706,"l":3235517707,"T":1697000218795,"m":false,"M":true}
2023-10-11 10:26:57,749 - 749 - INFO - program is working as expected.
2023-10-11 10:26:57,749 - 749 - INFO - 2023-10-11_10-26-57 - {"e":"aggTrade","E":1697000218809,"s":"BTCUSDT","a":2721616630,"p":"27119.93000000","q":"0.00037000","f":3235517708,"l":3235517708,"T":1697000218808,"m":false,"M":true}
2023-10-11 10:26:57,752 - 752 - INFO - program is working as expected.
2023-10-11 10:26:57,752 - 752 - INFO - 2023-10-11_10-26-57 - {"e":"aggTrade","E":1697000218819,"s":"BTCUSDT","a":2721616631,"p":"27119.93000000","q":"0.10165000","f":3235517709,"l":3235517710,"T":1697000218819,"m":false,"M":true}
2023-10-11 10:26:57,754 - 754 - INFO - program is working as expected.
2023-10-11 10:26:57,755 - 755 - INFO - 2023-10-11_10-26-57 - {"e":"aggTrade","E":1697000218826,"s":"BTCUSDT","a":2721616632,"p":"27119.93000000","q":"0.10202000","f":3235517711,"l":3235517712,"T":1697000218825,"m":false,"M":true}
2023-10-11 10:26:57,758 - 758 - INFO - program is working as expected.
2023-10-11 10:26:57,759 - 759 - INFO - 2023-10-11_10-26-57 - {"e":"aggTrade","E":1697000218832,"s":"BTCUSDT","a":2721616633,"p":"27119.93000000","q":"0.10202000","f":3235517713,"l":3235517714,"T":1697000218832,"m":false,"M":true}
2023-10-11 10:26:57,761 - 761 - INFO - program is working as expected.
2023-10-11 10:26:57,762 - 762 - INFO - 2023-10-11_10-26-57 - {"e":"aggTrade","E":1697000218839,"s":"BTCUSDT","a":2721616634,"p":"27119.93000000","q":"0.10202000","f":3235517715,"l":3235517716,"T":1697000218838,"m":false,"M":true}
2023-10-11 10:26:57,765 - 765 - INFO - program is working as expected.
2023-10-11 10:26:57,767 - 767 - INFO - 2023-10-11_10-26-57 - {"e":"aggTrade","E":1697000218839,"s":"BTCUSDT","a":2721616635,"p":"27119.92000000","q":"0.00696000","f":3235517717,"l":3235517717,"T":1697000218839,"m":true,"M":true}
2023-10-11 10:26:57,767 - 767 - INFO - program is working as expected.
2023-10-11 10:26:57,767 - 767 - INFO - 2023-10-11_10-26-57 - {"e":"aggTrade","E":1697000218846,"s":"BTCUSDT","a":2721616636,"p":"27119.93000000","q":"0.10202000","f":3235517718,"l":3235517719,"T":1697000218845,"m":false,"M":true}
2023-10-11 10:26:57,775 - 775 - INFO - program is working as expected.
2023-10-11 10:26:57,775 - 775 - INFO - 2023-10-11_10-26-57 - {"e":"aggTrade","E":1697000218853,"s":"BTCUSDT","a":2721616637,"p":"27119.93000000","q":"0.10202000","f":3235517720,"l":3235517721,"T":1697000218852,"m":false,"M":true}
2023-10-11 10:26:57,775 - 775 - INFO - program is working as expected.
2023-10-11 10:26:57,775 - 775 - INFO - 2023-10-11_10-26-57 - {"e":"aggTrade","E":1697000218858,"s":"BTCUSDT","a":2721616638,"p":"27119.93000000","q":"0.10184000","f":3235517722,"l":3235517723,"T":1697000218858,"m":false,"M":true}
2023-10-11 10:26:57,775 - 775 - INFO - program is working as expected.
2023-10-11 10:26:57,775 - 775 - INFO - 2023-10-11_10-26-57 - {"e":"aggTrade","E":1697000218863,"s":"BTCUSDT","a":2721616639,"p":"27119.96000000","q":"0.00069000","f":3235517724,"l":3235517725,"T":1697000218862,"m":false,"M":true}
2023-10-11 10:26:57,775 - 775 - INFO - program is working as expected.
2023-10-11 10:26:57,775 - 775 - INFO - 2023-10-11_10-26-57 - {"e":"aggTrade","E":1697000218866,"s":"BTCUSDT","a":2721616640,"p":"27120.03000000","q":"0.00036000","f":3235517726,"l":3235517726,"T":1697000218864,"m":false,"M":true}
2023-10-11 10:26:57,775 - 775 - INFO - program is working as expected.
2023-10-11 10:26:57,775 - 775 - INFO - 2023-10-11_10-26-57 - {"e":"aggTrade","E":1697000218866,"s":"BTCUSDT","a":2721616641,"p":"27120.04000000","q":"0.00025000","f":3235517727,"l":3235517727,"T":1697000218864,"m":false,"M":true}
2023-10-11 10:26:57,775 - 775 - INFO - program is working as expected.
2023-10-11 10:26:57,775 - 775 - INFO - 2023-10-11_10-26-57 - {"e":"aggTrade","E":1697000218866,"s":"BTCUSDT","a":2721616642,"p":"27120.08000000","q":"0.00033000","f":3235517728,"l":3235517728,"T":1697000218864,"m":false,"M":true}
2023-10-11 10:26:57,775 - 775 - INFO - program is working as expected.
2023-10-11 10:26:57,775 - 775 - INFO - 2023-10-11_10-26-57 - {"e":"aggTrade","E":1697000218866,"s":"BTCUSDT","a":2721616643,"p":"27120.10000000","q":"0.00036000","f":3235517729,"l":3235517729,"T":1697000218864,"m":false,"M":true}
2023-10-11 10:26:57,790 - 790 - INFO - program is working as expected.
2023-10-11 10:26:57,791 - 791 - INFO - 2023-10-11_10-26-57 - {"e":"aggTrade","E":1697000218866,"s":"BTCUSDT","a":2721616644,"p":"27120.17000000","q":"0.00036000","f":3235517730,"l":3235517730,"T":1697000218864,"m":false,"M":true}
2023-10-11 10:26:57,791 - 791 - INFO - program is working as expected.
2023-10-11 10:26:57,791 - 791 - INFO - 2023-10-11_10-26-57 - {"e":"aggTrade","E":1697000218866,"s":"BTCUSDT","a":2721616645,"p":"27120.20000000","q":"0.00058000","f":3235517731,"l":3235517732,"T":1697000218864,"m":false,"M":true}
2023-10-11 10:26:57,791 - 791 - INFO - program is working as expected.
2023-10-11 10:26:57,791 - 791 - INFO - 2023-10-11_10-26-57 - {"e":"aggTrade","E":1697000218866,"s":"BTCUSDT","a":2721616646,"p":"27120.22000000","q":"0.00022000","f":3235517733,"l":3235517733,"T":1697000218864,"m":false,"M":true}
2023-10-11 10:26:57,791 - 791 - INFO - program is working as expected.
2023-10-11 10:26:57,791 - 791 - INFO - 2023-10-11_10-26-57 - {"e":"aggTrade","E":1697000218866,"s":"BTCUSDT","a":2721616647,"p":"27120.24000000","q":"0.00036000","f":3235517734,"l":3235517734,"T":1697000218864,"m":false,"M":true}
2023-10-11 10:26:57,791 - 791 - INFO - program is working as expected.
2023-10-11 10:26:57,791 - 791 - INFO - 2023-10-11_10-26-57 - {"e":"aggTrade","E":1697000218866,"s":"BTCUSDT","a":2721616648,"p":"27120.31000000","q":"0.00036000","f":3235517735,"l":3235517735,"T":1697000218864,"m":false,"M":true}
2023-10-11 10:26:57,791 - 791 - INFO - program is working as expected.
2023-10-11 10:26:57,791 - 791 - INFO - 2023-10-11_10-26-57 - {"e":"aggTrade","E":1697000218866,"s":"BTCUSDT","a":2721616649,"p":"27120.32000000","q":"0.00033000","f":3235517736,"l":3235517736,"T":1697000218864,"m":false,"M":true}
2023-10-11 10:26:57,791 - 791 - INFO - program is working as expected.
2023-10-11 10:26:57,791 - 791 - INFO - 2023-10-11_10-26-57 - {"e":"aggTrade","E":1697000218866,"s":"BTCUSDT","a":2721616650,"p":"27120.36000000","q":"0.00025000","f":3235517737,"l":3235517737,"T":1697000218864,"m":false,"M":true}
2023-10-11 10:26:57,791 - 791 - INFO - program is working as expected.
2023-10-11 10:26:57,791 - 791 - INFO - 2023-10-11_10-26-57 - {"e":"aggTrade","E":1697000218866,"s":"BTCUSDT","a":2721616651,"p":"27120.38000000","q":"0.00036000","f":3235517738,"l":3235517738,"T":1697000218864,"m":false,"M":true}
2023-10-11 10:26:57,808 - 808 - INFO - program is working as expected.
2023-10-11 10:26:57,808 - 808 - INFO - 2023-10-11_10-26-57 - {"e":"aggTrade","E":1697000218866,"s":"BTCUSDT","a":2721616652,"p":"27120.44000000","q":"0.00687000","f":3235517739,"l":3235517740,"T":1697000218864,"m":false,"M":true}
2023-10-11 10:26:57,808 - 808 - INFO - program is working as expected.
2023-10-11 10:26:57,808 - 808 - INFO - 2023-10-11_10-26-57 - {"e":"aggTrade","E":1697000218866,"s":"BTCUSDT","a":2721616653,"p":"27120.45000000","q":"0.00036000","f":3235517741,"l":3235517741,"T":1697000218864,"m":false,"M":true}
2023-10-11 10:26:57,808 - 808 - INFO - program is working as expected.
2023-10-11 10:26:57,808 - 808 - INFO - 2023-10-11_10-26-57 - {"e":"aggTrade","E":1697000218866,"s":"BTCUSDT","a":2721616654,"p":"27120.50000000","q":"0.00638000","f":3235517742,"l":3235517742,"T":1697000218864,"m":false,"M":true}
2023-10-11 10:26:57,808 - 808 - INFO - program is working as expected.
2023-10-11 10:26:57,808 - 808 - INFO - 2023-10-11_10-26-57 - {"e":"aggTrade","E":1697000218866,"s":"BTCUSDT","a":2721616655,"p":"27120.52000000","q":"0.00061000","f":3235517743,"l":3235517744,"T":1697000218864,"m":false,"M":true}
2023-10-11 10:26:57,808 - 808 - INFO - program is working as expected.
2023-10-11 10:26:57,808 - 808 - INFO - 2023-10-11_10-26-57 - {"e":"aggTrade","E":1697000218866,"s":"BTCUSDT","a":2721616656,"p":"27120.56000000","q":"0.00033000","f":3235517745,"l":3235517745,"T":1697000218864,"m":false,"M":true}
2023-10-11 10:26:57,808 - 808 - INFO - program is working as expected.
2023-10-11 10:26:57,808 - 808 - INFO - 2023-10-11_10-26-57 - {"e":"aggTrade","E":1697000218866,"s":"BTCUSDT","a":2721616657,"p":"27120.58000000","q":"0.00022000","f":3235517746,"l":3235517746,"T":1697000218864,"m":false,"M":true}
2023-10-11 10:26:57,823 - 823 - INFO - program is working as expected.
2023-10-11 10:26:57,824 - 824 - INFO - 2023-10-11_10-26-57 - {"e":"aggTrade","E":1697000218866,"s":"BTCUSDT","a":2721616658,"p":"27120.59000000","q":"0.00036000","f":3235517747,"l":3235517747,"T":1697000218864,"m":false,"M":true}
2023-10-11 10:26:57,824 - 824 - INFO - program is working as expected.
2023-10-11 10:26:57,824 - 824 - INFO - 2023-10-11_10-26-57 - {"e":"aggTrade","E":1697000218866,"s":"BTCUSDT","a":2721616659,"p":"27120.66000000","q":"0.00036000","f":3235517748,"l":3235517748,"T":1697000218864,"m":false,"M":true}
2023-10-11 10:26:57,824 - 824 - INFO - program is working as expected.
2023-10-11 10:26:57,824 - 824 - INFO - 2023-10-11_10-26-57 - {"e":"aggTrade","E":1697000218866,"s":"BTCUSDT","a":2721616660,"p":"27120.68000000","q":"0.00058000","f":3235517749,"l":3235517750,"T":1697000218864,"m":false,"M":true}
2023-10-11 10:26:57,824 - 824 - INFO - program is working as expected.
2023-10-11 10:26:57,824 - 824 - INFO - 2023-10-11_10-26-57 - {"e":"aggTrade","E":1697000218866,"s":"BTCUSDT","a":2721616661,"p":"27120.73000000","q":"0.00036000","f":3235517751,"l":3235517751,"T":1697000218864,"m":false,"M":true}
2023-10-11 10:26:57,824 - 824 - INFO - program is working as expected.
2023-10-11 10:26:57,824 - 824 - INFO - 2023-10-11_10-26-57 - {"e":"aggTrade","E":1697000218866,"s":"BTCUSDT","a":2721616662,"p":"27120.80000000","q":"0.00069000","f":3235517752,"l":3235517753,"T":1697000218864,"m":false,"M":true}
2023-10-11 10:26:57,824 - 824 - INFO - program is working as expected.
2023-10-11 10:26:57,824 - 824 - INFO - 2023-10-11_10-26-57 - {"e":"aggTrade","E":1697000218866,"s":"BTCUSDT","a":2721616663,"p":"27120.84000000","q":"0.00025000","f":3235517754,"l":3235517754,"T":1697000218864,"m":false,"M":true}
2023-10-11 10:26:57,824 - 824 - INFO - program is working as expected.
2023-10-11 10:26:57,824 - 824 - INFO - 2023-10-11_10-26-57 - {"e":"aggTrade","E":1697000218873,"s":"BTCUSDT","a":2721616664,"p":"27120.87000000","q":"0.00036000","f":3235517755,"l":3235517755,"T":1697000218872,"m":false,"M":true}
2023-10-11 10:26:57,824 - 824 - INFO - program is working as expected.
2023-10-11 10:26:57,824 - 824 - INFO - 2023-10-11_10-26-57 - {"e":"aggTrade","E":1697000218898,"s":"BTCUSDT","a":2721616665,"p":"27120.92000000","q":"0.00033000","f":3235517756,"l":3235517756,"T":1697000218897,"m":false,"M":true}
2023-10-11 10:26:57,824 - 824 - INFO - program is working as expected.
2023-10-11 10:26:57,824 - 824 - INFO - 2023-10-11_10-26-57 - {"e":"aggTrade","E":1697000218903,"s":"BTCUSDT","a":2721616666,"p":"27120.94000000","q":"0.00058000","f":3235517757,"l":3235517758,"T":1697000218902,"m":false,"M":true}
2023-10-11 10:26:57,840 - 840 - INFO - program is working as expected.
2023-10-11 10:26:57,841 - 841 - INFO - 2023-10-11_10-26-57 - {"e":"aggTrade","E":1697000218905,"s":"BTCUSDT","a":2721616667,"p":"27120.93000000","q":"0.00037000","f":3235517759,"l":3235517759,"T":1697000218904,"m":true,"M":true}
2023-10-11 10:26:57,844 - 844 - INFO - program is working as expected.
2023-10-11 10:26:57,845 - 845 - INFO - 2023-10-11_10-26-57 - {"e":"aggTrade","E":1697000218906,"s":"BTCUSDT","a":2721616668,"p":"27120.99000000","q":"0.00019000","f":3235517760,"l":3235517760,"T":1697000218905,"m":false,"M":true}
2023-10-11 10:26:57,848 - 848 - INFO - program is working as expected.
2023-10-11 10:26:57,850 - 850 - INFO - 2023-10-11_10-26-57 - {"e":"aggTrade","E":1697000218906,"s":"BTCUSDT","a":2721616669,"p":"27121.00000000","q":"0.00025000","f":3235517761,"l":3235517761,"T":1697000218905,"m":false,"M":true}
2023-10-11 10:26:57,853 - 853 - INFO - program is working as expected.
2023-10-11 10:26:57,854 - 854 - INFO - 2023-10-11_10-26-57 - {"e":"aggTrade","E":1697000218906,"s":"BTCUSDT","a":2721616670,"p":"27121.01000000","q":"0.00036000","f":3235517762,"l":3235517762,"T":1697000218905,"m":false,"M":true}
2023-10-11 10:26:57,871 - 871 - INFO - program is working as expected.
2023-10-11 10:26:57,872 - 872 - INFO - 2023-10-11_10-26-57 - {"e":"aggTrade","E":1697000218906,"s":"BTCUSDT","a":2721616671,"p":"27121.04000000","q":"0.00033000","f":3235517763,"l":3235517763,"T":1697000218905,"m":false,"M":true}
2023-10-11 10:26:57,872 - 872 - INFO - program is working as expected.
2023-10-11 10:26:57,873 - 873 - INFO - 2023-10-11_10-26-57 - {"e":"aggTrade","E":1697000218906,"s":"BTCUSDT","a":2721616672,"p":"27121.08000000","q":"0.00036000","f":3235517764,"l":3235517764,"T":1697000218905,"m":false,"M":true}
2023-10-11 10:26:57,874 - 874 - INFO - program is working as expected.
2023-10-11 10:26:57,874 - 874 - INFO - 2023-10-11_10-26-57 - {"e":"aggTrade","E":1697000218906,"s":"BTCUSDT","a":2721616673,"p":"27121.15000000","q":"0.00036000","f":3235517765,"l":3235517765,"T":1697000218905,"m":false,"M":true}
2023-10-11 10:26:57,876 - 876 - INFO - program is working as expected.
2023-10-11 10:26:57,876 - 876 - INFO - 2023-10-11_10-26-57 - {"e":"aggTrade","E":1697000218906,"s":"BTCUSDT","a":2721616674,"p":"27121.16000000","q":"0.00058000","f":3235517766,"l":3235517767,"T":1697000218905,"m":false,"M":true}
2023-10-11 10:26:57,877 - 877 - INFO - program is working as expected.
2023-10-11 10:26:57,878 - 878 - INFO - 2023-10-11_10-26-57 - {"e":"aggTrade","E":1697000218906,"s":"BTCUSDT","a":2721616675,"p":"27121.22000000","q":"0.00036000","f":3235517768,"l":3235517768,"T":1697000218905,"m":false,"M":true}
2023-10-11 10:26:57,880 - 880 - INFO - program is working as expected.
2023-10-11 10:26:57,880 - 880 - INFO - 2023-10-11_10-26-57 - {"e":"aggTrade","E":1697000218906,"s":"BTCUSDT","a":2721616676,"p":"27121.28000000","q":"0.00308000","f":3235517769,"l":3235517770,"T":1697000218905,"m":false,"M":true}
2023-10-11 10:26:57,883 - 883 - INFO - program is working as expected.
2023-10-11 10:26:57,883 - 883 - INFO - 2023-10-11_10-26-57 - {"e":"aggTrade","E":1697000218906,"s":"BTCUSDT","a":2721616677,"p":"27121.29000000","q":"0.00036000","f":3235517771,"l":3235517771,"T":1697000218905,"m":false,"M":true}
2023-10-11 10:26:57,885 - 885 - INFO - program is working as expected.
2023-10-11 10:26:57,888 - 888 - INFO - 2023-10-11_10-26-57 - {"e":"aggTrade","E":1697000218906,"s":"BTCUSDT","a":2721616678,"p":"27121.30000000","q":"0.00022000","f":3235517772,"l":3235517772,"T":1697000218905,"m":false,"M":true}
2023-10-11 10:26:57,890 - 890 - INFO - program is working as expected.
2023-10-11 10:26:57,891 - 891 - INFO - 2023-10-11_10-26-57 - {"e":"aggTrade","E":1697000218906,"s":"BTCUSDT","a":2721616679,"p":"27121.32000000","q":"0.00025000","f":3235517773,"l":3235517773,"T":1697000218905,"m":false,"M":true}
2023-10-11 10:26:57,894 - 894 - INFO - program is working as expected.
2023-10-11 10:26:57,894 - 894 - INFO - 2023-10-11_10-26-57 - {"e":"aggTrade","E":1697000218906,"s":"BTCUSDT","a":2721616680,"p":"27121.36000000","q":"0.02224000","f":3235517774,"l":3235517775,"T":1697000218905,"m":false,"M":true}
2023-10-11 10:26:57,896 - 896 - INFO - program is working as expected.
2023-10-11 10:26:57,896 - 896 - INFO - 2023-10-11_10-26-57 - {"e":"aggTrade","E":1697000218912,"s":"BTCUSDT","a":2721616681,"p":"27121.36000000","q":"0.00194000","f":3235517776,"l":3235517776,"T":1697000218911,"m":false,"M":true}
2023-10-11 10:26:58,043 - 43 - INFO - program is working as expected.
2023-10-11 10:26:58,043 - 43 - INFO - 2023-10-11_10-26-58 - {"e":"aggTrade","E":1697000219219,"s":"BTCUSDT","a":2721616682,"p":"27121.39000000","q":"0.00019000","f":3235517777,"l":3235517777,"T":1697000219219,"m":false,"M":true}
2023-10-11 10:26:58,045 - 45 - INFO - program is working as expected.
2023-10-11 10:26:58,045 - 45 - INFO - 2023-10-11_10-26-58 - {"e":"aggTrade","E":1697000219219,"s":"BTCUSDT","a":2721616683,"p":"27121.40000000","q":"0.00033000","f":3235517778,"l":3235517778,"T":1697000219219,"m":false,"M":true}
2023-10-11 10:26:58,047 - 47 - INFO - program is working as expected.
2023-10-11 10:26:58,047 - 47 - INFO - 2023-10-11_10-26-58 - {"e":"aggTrade","E":1697000219219,"s":"BTCUSDT","a":2721616684,"p":"27121.43000000","q":"0.00036000","f":3235517779,"l":3235517779,"T":1697000219219,"m":false,"M":true}
2023-10-11 10:26:58,049 - 49 - INFO - program is working as expected.
2023-10-11 10:26:58,049 - 49 - INFO - 2023-10-11_10-26-58 - {"e":"aggTrade","E":1697000219219,"s":"BTCUSDT","a":2721616685,"p":"27121.47000000","q":"0.00088000","f":3235517780,"l":3235517780,"T":1697000219219,"m":false,"M":true}
2023-10-11 10:26:58,740 - 740 - INFO - program is working as expected.
2023-10-11 10:26:58,740 - 740 - INFO - 2023-10-11_10-26-58 - {"e":"aggTrade","E":1697000219917,"s":"BTCUSDT","a":2721616686,"p":"27121.47000000","q":"0.00164000","f":3235517781,"l":3235517781,"T":1697000219917,"m":true,"M":true}
2023-10-11 10:26:58,740 - 740 - INFO - program is working as expected.
2023-10-11 10:26:58,740 - 740 - INFO - 2023-10-11_10-26-58 - {"e":"aggTrade","E":1697000219926,"s":"BTCUSDT","a":2721616687,"p":"27121.48000000","q":"0.00294000","f":3235517782,"l":3235517783,"T":1697000219926,"m":false,"M":true}
2023-10-11 10:26:58,740 - 740 - INFO - program is working as expected.
2023-10-11 10:26:58,740 - 740 - INFO - 2023-10-11_10-26-58 - {"e":"aggTrade","E":1697000219926,"s":"BTCUSDT","a":2721616688,"p":"27121.48000000","q":"0.00224000","f":3235517784,"l":3235517784,"T":1697000219926,"m":false,"M":true}
2023-10-11 10:26:58,740 - 740 - INFO - program is working as expected.
2023-10-11 10:26:58,740 - 740 - INFO - 2023-10-11_10-26-58 - {"e":"aggTrade","E":1697000219927,"s":"BTCUSDT","a":2721616689,"p":"27121.47000000","q":"0.00150000","f":3235517785,"l":3235517785,"T":1697000219926,"m":true,"M":true}
2023-10-11 10:26:58,740 - 740 - INFO - program is working as expected.
2023-10-11 10:26:58,740 - 740 - INFO - 2023-10-11_10-26-58 - {"e":"aggTrade","E":1697000219932,"s":"BTCUSDT","a":2721616690,"p":"27121.48000000","q":"0.00157000","f":3235517786,"l":3235517786,"T":1697000219932,"m":false,"M":true}
2023-10-11 10:26:58,740 - 740 - INFO - program is working as expected.
2023-10-11 10:26:58,740 - 740 - INFO - 2023-10-11_10-26-58 - {"e":"aggTrade","E":1697000219934,"s":"BTCUSDT","a":2721616691,"p":"27121.48000000","q":"0.00367000","f":3235517787,"l":3235517787,"T":1697000219934,"m":false,"M":true}
2023-10-11 10:26:58,740 - 740 - INFO - program is working as expected.
2023-10-11 10:26:58,740 - 740 - INFO - 2023-10-11_10-26-58 - {"e":"aggTrade","E":1697000219938,"s":"BTCUSDT","a":2721616692,"p":"27121.47000000","q":"0.00307000","f":3235517788,"l":3235517788,"T":1697000219937,"m":true,"M":true}
2023-10-11 10:26:58,762 - 762 - INFO - program is working as expected.
2023-10-11 10:26:58,762 - 762 - INFO - 2023-10-11_10-26-58 - {"e":"aggTrade","E":1697000219940,"s":"BTCUSDT","a":2721616693,"p":"27121.48000000","q":"0.00118000","f":3235517789,"l":3235517789,"T":1697000219939,"m":false,"M":true}
2023-10-11 10:26:58,874 - 874 - INFO - program is working as expected.
2023-10-11 10:26:58,874 - 874 - INFO - 2023-10-11_10-26-58 - {"e":"aggTrade","E":1697000219940,"s":"BTCUSDT","a":2721616694,"p":"27121.47000000","q":"0.00111000","f":3235517790,"l":3235517790,"T":1697000219939,"m":true,"M":true}
2023-10-11 10:26:58,874 - 874 - INFO - program is working as expected.
2023-10-11 10:26:58,874 - 874 - INFO - 2023-10-11_10-26-58 - {"e":"aggTrade","E":1697000219942,"s":"BTCUSDT","a":2721616695,"p":"27121.48000000","q":"0.00046000","f":3235517791,"l":3235517791,"T":1697000219942,"m":false,"M":true}
2023-10-11 10:26:58,874 - 874 - INFO - program is working as expected.
2023-10-11 10:26:58,874 - 874 - INFO - 2023-10-11_10-26-58 - {"e":"aggTrade","E":1697000219945,"s":"BTCUSDT","a":2721616696,"p":"27121.48000000","q":"0.00153000","f":3235517792,"l":3235517792,"T":1697000219945,"m":false,"M":true}
2023-10-11 10:26:58,874 - 874 - INFO - program is working as expected.
2023-10-11 10:26:58,874 - 874 - INFO - 2023-10-11_10-26-58 - {"e":"aggTrade","E":1697000219946,"s":"BTCUSDT","a":2721616697,"p":"27121.48000000","q":"0.00258000","f":3235517793,"l":3235517793,"T":1697000219946,"m":false,"M":true}
2023-10-11 10:26:58,874 - 874 - INFO - program is working as expected.
2023-10-11 10:26:58,874 - 874 - INFO - 2023-10-11_10-26-58 - {"e":"aggTrade","E":1697000219947,"s":"BTCUSDT","a":2721616698,"p":"27121.47000000","q":"0.00390000","f":3235517794,"l":3235517794,"T":1697000219947,"m":true,"M":true}
2023-10-11 10:26:58,874 - 874 - INFO - program is working as expected.
2023-10-11 10:26:58,890 - 890 - INFO - 2023-10-11_10-26-58 - {"e":"aggTrade","E":1697000219948,"s":"BTCUSDT","a":2721616699,"p":"27121.48000000","q":"0.00111000","f":3235517795,"l":3235517795,"T":1697000219948,"m":false,"M":true}
2023-10-11 10:26:58,892 - 892 - INFO - program is working as expected.
2023-10-11 10:26:58,893 - 893 - INFO - 2023-10-11_10-26-58 - {"e":"aggTrade","E":1697000219957,"s":"BTCUSDT","a":2721616700,"p":"27121.47000000","q":"0.00363000","f":3235517796,"l":3235517796,"T":1697000219957,"m":true,"M":true}
2023-10-11 10:26:58,894 - 894 - INFO - program is working as expected.
2023-10-11 10:26:58,894 - 894 - INFO - 2023-10-11_10-26-58 - {"e":"aggTrade","E":1697000219958,"s":"BTCUSDT","a":2721616701,"p":"27121.48000000","q":"0.00103000","f":3235517797,"l":3235517797,"T":1697000219957,"m":false,"M":true}
2023-10-11 10:26:58,896 - 896 - INFO - program is working as expected.
2023-10-11 10:26:58,896 - 896 - INFO - 2023-10-11_10-26-58 - {"e":"aggTrade","E":1697000219958,"s":"BTCUSDT","a":2721616702,"p":"27121.47000000","q":"0.00237000","f":3235517798,"l":3235517798,"T":1697000219958,"m":true,"M":true}
2023-10-11 10:26:58,897 - 897 - INFO - program is working as expected.
2023-10-11 10:26:58,898 - 898 - INFO - 2023-10-11_10-26-58 - {"e":"aggTrade","E":1697000219960,"s":"BTCUSDT","a":2721616703,"p":"27121.47000000","q":"0.00210000","f":3235517799,"l":3235517799,"T":1697000219959,"m":true,"M":true}
2023-10-11 10:26:58,899 - 899 - INFO - program is working as expected.
2023-10-11 10:26:58,900 - 900 - INFO - 2023-10-11_10-26-58 - {"e":"aggTrade","E":1697000219961,"s":"BTCUSDT","a":2721616704,"p":"27121.48000000","q":"0.00241000","f":3235517800,"l":3235517800,"T":1697000219960,"m":false,"M":true}
2023-10-11 10:26:58,901 - 901 - INFO - program is working as expected.
2023-10-11 10:26:58,902 - 902 - INFO - 2023-10-11_10-26-58 - {"e":"aggTrade","E":1697000219962,"s":"BTCUSDT","a":2721616705,"p":"27121.48000000","q":"0.00167000","f":3235517801,"l":3235517801,"T":1697000219961,"m":false,"M":true}
2023-10-11 10:26:58,903 - 903 - INFO - program is working as expected.
2023-10-11 10:26:58,904 - 904 - INFO - 2023-10-11_10-26-58 - {"e":"aggTrade","E":1697000219978,"s":"BTCUSDT","a":2721616706,"p":"27121.48000000","q":"0.00250000","f":3235517802,"l":3235517802,"T":1697000219978,"m":false,"M":true}
2023-10-11 10:26:58,906 - 906 - INFO - program is working as expected.
2023-10-11 10:26:58,906 - 906 - INFO - 2023-10-11_10-26-58 - {"e":"aggTrade","E":1697000219980,"s":"BTCUSDT","a":2721616707,"p":"27121.48000000","q":"0.00366000","f":3235517803,"l":3235517803,"T":1697000219979,"m":false,"M":true}
2023-10-11 10:26:58,908 - 908 - INFO - program is working as expected.
2023-10-11 10:26:58,908 - 908 - INFO - 2023-10-11_10-26-58 - {"e":"aggTrade","E":1697000219980,"s":"BTCUSDT","a":2721616708,"p":"27121.47000000","q":"0.00321000","f":3235517804,"l":3235517804,"T":1697000219980,"m":true,"M":true}
2023-10-11 10:26:58,910 - 910 - INFO - program is working as expected.
2023-10-11 10:26:58,911 - 911 - INFO - 2023-10-11_10-26-58 - {"e":"aggTrade","E":1697000219981,"s":"BTCUSDT","a":2721616709,"p":"27121.48000000","q":"0.00317000","f":3235517805,"l":3235517805,"T":1697000219980,"m":false,"M":true}
2023-10-11 10:26:58,913 - 913 - INFO - program is working as expected.
2023-10-11 10:26:58,914 - 914 - INFO - 2023-10-11_10-26-58 - {"e":"aggTrade","E":1697000219981,"s":"BTCUSDT","a":2721616710,"p":"27121.48000000","q":"0.00157000","f":3235517806,"l":3235517806,"T":1697000219981,"m":false,"M":true}
2023-10-11 10:26:58,916 - 916 - INFO - program is working as expected.
2023-10-11 10:26:58,917 - 917 - INFO - 2023-10-11_10-26-58 - {"e":"aggTrade","E":1697000219984,"s":"BTCUSDT","a":2721616711,"p":"27121.47000000","q":"0.00044000","f":3235517807,"l":3235517807,"T":1697000219984,"m":true,"M":true}
2023-10-11 10:26:58,919 - 919 - INFO - program is working as expected.
2023-10-11 10:26:58,919 - 919 - INFO - 2023-10-11_10-26-58 - {"e":"aggTrade","E":1697000219985,"s":"BTCUSDT","a":2721616712,"p":"27121.48000000","q":"0.00265000","f":3235517808,"l":3235517808,"T":1697000219985,"m":false,"M":true}
2023-10-11 10:26:58,921 - 921 - INFO - program is working as expected.
2023-10-11 10:26:58,922 - 922 - INFO - 2023-10-11_10-26-58 - {"e":"aggTrade","E":1697000219987,"s":"BTCUSDT","a":2721616713,"p":"27121.48000000","q":"0.00225000","f":3235517809,"l":3235517809,"T":1697000219986,"m":false,"M":true}
2023-10-11 10:26:58,924 - 924 - INFO - program is working as expected.
2023-10-11 10:26:58,925 - 925 - INFO - 2023-10-11_10-26-58 - {"e":"aggTrade","E":1697000219987,"s":"BTCUSDT","a":2721616714,"p":"27121.48000000","q":"0.00295000","f":3235517810,"l":3235517810,"T":1697000219987,"m":false,"M":true}
2023-10-11 10:26:58,926 - 926 - INFO - program is working as expected.
2023-10-11 10:26:58,927 - 927 - INFO - 2023-10-11_10-26-58 - {"e":"aggTrade","E":1697000219987,"s":"BTCUSDT","a":2721616715,"p":"27121.47000000","q":"0.00095000","f":3235517811,"l":3235517811,"T":1697000219987,"m":true,"M":true}
2023-10-11 10:26:58,931 - 931 - INFO - program is working as expected.
2023-10-11 10:26:58,931 - 931 - INFO - 2023-10-11_10-26-58 - {"e":"aggTrade","E":1697000219988,"s":"BTCUSDT","a":2721616716,"p":"27121.48000000","q":"0.00346000","f":3235517812,"l":3235517812,"T":1697000219988,"m":false,"M":true}
2023-10-11 10:26:58,931 - 931 - INFO - program is working as expected.
2023-10-11 10:26:58,931 - 931 - INFO - 2023-10-11_10-26-58 - {"e":"aggTrade","E":1697000219989,"s":"BTCUSDT","a":2721616717,"p":"27121.47000000","q":"0.00394000","f":3235517813,"l":3235517813,"T":1697000219988,"m":true,"M":true}
2023-10-11 10:26:58,931 - 931 - INFO - program is working as expected.
2023-10-11 10:26:58,931 - 931 - INFO - 2023-10-11_10-26-58 - {"e":"aggTrade","E":1697000219989,"s":"BTCUSDT","a":2721616718,"p":"27121.47000000","q":"0.00160000","f":3235517814,"l":3235517814,"T":1697000219988,"m":true,"M":true}
2023-10-11 10:26:58,940 - 940 - INFO - program is working as expected.
2023-10-11 10:26:58,942 - 942 - INFO - 2023-10-11_10-26-58 - {"e":"aggTrade","E":1697000219989,"s":"BTCUSDT","a":2721616719,"p":"27121.48000000","q":"0.00077000","f":3235517815,"l":3235517815,"T":1697000219989,"m":false,"M":true}
2023-10-11 10:26:58,945 - 945 - INFO - program is working as expected.
2023-10-11 10:26:58,945 - 945 - INFO - 2023-10-11_10-26-58 - {"e":"aggTrade","E":1697000219992,"s":"BTCUSDT","a":2721616720,"p":"27121.48000000","q":"0.00165000","f":3235517816,"l":3235517816,"T":1697000219991,"m":false,"M":true}
2023-10-11 10:26:58,945 - 945 - INFO - program is working as expected.
2023-10-11 10:26:58,945 - 945 - INFO - 2023-10-11_10-26-58 - {"e":"aggTrade","E":1697000219992,"s":"BTCUSDT","a":2721616721,"p":"27121.48000000","q":"0.00389000","f":3235517817,"l":3235517817,"T":1697000219992,"m":false,"M":true}
2023-10-11 10:26:58,945 - 945 - INFO - program is working as expected.
2023-10-11 10:26:58,945 - 945 - INFO - 2023-10-11_10-26-58 - {"e":"aggTrade","E":1697000219992,"s":"BTCUSDT","a":2721616722,"p":"27121.48000000","q":"0.00329000","f":3235517818,"l":3235517818,"T":1697000219992,"m":false,"M":true}
2023-10-11 10:26:58,945 - 945 - INFO - program is working as expected.
2023-10-11 10:26:58,956 - 956 - INFO - 2023-10-11_10-26-58 - {"e":"aggTrade","E":1697000219992,"s":"BTCUSDT","a":2721616723,"p":"27121.47000000","q":"0.00304000","f":3235517819,"l":3235517819,"T":1697000219992,"m":true,"M":true}
2023-10-11 10:26:58,961 - 961 - INFO - program is working as expected.
2023-10-11 10:26:58,961 - 961 - INFO - 2023-10-11_10-26-58 - {"e":"aggTrade","E":1697000219993,"s":"BTCUSDT","a":2721616724,"p":"27121.48000000","q":"0.00101000","f":3235517820,"l":3235517820,"T":1697000219993,"m":false,"M":true}
2023-10-11 10:26:58,963 - 963 - INFO - program is working as expected.
2023-10-11 10:26:58,963 - 963 - INFO - 2023-10-11_10-26-58 - {"e":"aggTrade","E":1697000219994,"s":"BTCUSDT","a":2721616725,"p":"27121.47000000","q":"0.00294000","f":3235517821,"l":3235517821,"T":1697000219994,"m":true,"M":true}
2023-10-11 10:26:58,964 - 964 - INFO - program is working as expected.
2023-10-11 10:26:58,965 - 965 - INFO - 2023-10-11_10-26-58 - {"e":"aggTrade","E":1697000219995,"s":"BTCUSDT","a":2721616726,"p":"27121.48000000","q":"0.00131000","f":3235517822,"l":3235517822,"T":1697000219994,"m":false,"M":true}
2023-10-11 10:26:58,966 - 966 - INFO - program is working as expected.
2023-10-11 10:26:58,966 - 966 - INFO - 2023-10-11_10-26-58 - {"e":"aggTrade","E":1697000219995,"s":"BTCUSDT","a":2721616727,"p":"27121.47000000","q":"0.00369000","f":3235517823,"l":3235517823,"T":1697000219995,"m":true,"M":true}
2023-10-11 10:26:58,966 - 966 - INFO - program is working as expected.
2023-10-11 10:26:58,973 - 973 - INFO - 2023-10-11_10-26-58 - {"e":"aggTrade","E":1697000219996,"s":"BTCUSDT","a":2721616728,"p":"27121.48000000","q":"0.00382000","f":3235517824,"l":3235517824,"T":1697000219995,"m":false,"M":true}
2023-10-11 10:26:58,976 - 976 - INFO - program is working as expected.
2023-10-11 10:26:58,977 - 977 - INFO - 2023-10-11_10-26-58 - {"e":"aggTrade","E":1697000219997,"s":"BTCUSDT","a":2721616729,"p":"27121.48000000","q":"0.00106000","f":3235517825,"l":3235517825,"T":1697000219997,"m":false,"M":true}
2023-10-11 10:26:58,977 - 977 - INFO - program is working as expected.
2023-10-11 10:26:58,977 - 977 - INFO - 2023-10-11_10-26-58 - {"e":"aggTrade","E":1697000219998,"s":"BTCUSDT","a":2721616730,"p":"27121.47000000","q":"0.00288000","f":3235517826,"l":3235517826,"T":1697000219997,"m":true,"M":true}
2023-10-11 10:26:58,977 - 977 - INFO - program is working as expected.
2023-10-11 10:26:58,977 - 977 - INFO - 2023-10-11_10-26-58 - {"e":"aggTrade","E":1697000219999,"s":"BTCUSDT","a":2721616731,"p":"27121.47000000","q":"0.00200000","f":3235517827,"l":3235517827,"T":1697000219998,"m":true,"M":true}
2023-10-11 10:26:58,977 - 977 - INFO - program is working as expected.
2023-10-11 10:26:58,977 - 977 - INFO - 2023-10-11_10-26-58 - {"e":"aggTrade","E":1697000220006,"s":"BTCUSDT","a":2721616732,"p":"27121.47000000","q":"0.00270000","f":3235517828,"l":3235517828,"T":1697000220006,"m":true,"M":true}
2023-10-11 10:26:58,977 - 977 - INFO - program is working as expected.
2023-10-11 10:26:58,977 - 977 - INFO - 2023-10-11_10-26-58 - {"e":"aggTrade","E":1697000220008,"s":"BTCUSDT","a":2721616733,"p":"27121.47000000","q":"0.00064000","f":3235517829,"l":3235517829,"T":1697000220007,"m":true,"M":true}
2023-10-11 10:26:58,989 - 989 - INFO - program is working as expected.
2023-10-11 10:26:58,991 - 991 - INFO - 2023-10-11_10-26-58 - {"e":"aggTrade","E":1697000220008,"s":"BTCUSDT","a":2721616734,"p":"27121.48000000","q":"0.00298000","f":3235517830,"l":3235517830,"T":1697000220008,"m":false,"M":true}
2023-10-11 10:26:58,991 - 991 - INFO - program is working as expected.
2023-10-11 10:26:58,991 - 991 - INFO - 2023-10-11_10-26-58 - {"e":"aggTrade","E":1697000220009,"s":"BTCUSDT","a":2721616735,"p":"27121.47000000","q":"0.00087000","f":3235517831,"l":3235517831,"T":1697000220009,"m":true,"M":true}
2023-10-11 10:26:58,991 - 991 - INFO - program is working as expected.
2023-10-11 10:26:59,007 - 7 - INFO - 2023-10-11_10-26-59 - {"e":"aggTrade","E":1697000220009,"s":"BTCUSDT","a":2721616736,"p":"27121.47000000","q":"0.00193000","f":3235517832,"l":3235517833,"T":1697000220009,"m":true,"M":true}
2023-10-11 10:26:59,009 - 9 - INFO - program is working as expected.
2023-10-11 10:26:59,009 - 9 - INFO - 2023-10-11_10-26-59 - {"e":"aggTrade","E":1697000220010,"s":"BTCUSDT","a":2721616737,"p":"27121.47000000","q":"0.00310000","f":3235517834,"l":3235517834,"T":1697000220009,"m":true,"M":true}
2023-10-11 10:26:59,009 - 9 - INFO - program is working as expected.
2023-10-11 10:26:59,009 - 9 - INFO - 2023-10-11_10-26-59 - {"e":"aggTrade","E":1697000220012,"s":"BTCUSDT","a":2721616738,"p":"27121.47000000","q":"0.00073000","f":3235517835,"l":3235517835,"T":1697000220012,"m":true,"M":true}
2023-10-11 10:26:59,009 - 9 - INFO - program is working as expected.
2023-10-11 10:26:59,009 - 9 - INFO - 2023-10-11_10-26-59 - {"e":"aggTrade","E":1697000220016,"s":"BTCUSDT","a":2721616739,"p":"27121.48000000","q":"0.00292000","f":3235517836,"l":3235517836,"T":1697000220015,"m":false,"M":true}
2023-10-11 10:26:59,009 - 9 - INFO - program is working as expected.
2023-10-11 10:26:59,009 - 9 - INFO - 2023-10-11_10-26-59 - {"e":"aggTrade","E":1697000220016,"s":"BTCUSDT","a":2721616740,"p":"27121.47000000","q":"0.00085000","f":3235517837,"l":3235517837,"T":1697000220016,"m":true,"M":true}
2023-10-11 10:26:59,024 - 24 - INFO - program is working as expected.
2023-10-11 10:26:59,025 - 25 - INFO - 2023-10-11_10-26-59 - {"e":"aggTrade","E":1697000220022,"s":"BTCUSDT","a":2721616741,"p":"27121.48000000","q":"0.00136000","f":3235517838,"l":3235517838,"T":1697000220022,"m":false,"M":true}
2023-10-11 10:26:59,028 - 28 - INFO - program is working as expected.
2023-10-11 10:26:59,028 - 28 - INFO - 2023-10-11_10-26-59 - {"e":"aggTrade","E":1697000220025,"s":"BTCUSDT","a":2721616742,"p":"27121.48000000","q":"0.00326000","f":3235517839,"l":3235517839,"T":1697000220025,"m":false,"M":true}
2023-10-11 10:26:59,030 - 30 - INFO - program is working as expected.
2023-10-11 10:26:59,030 - 30 - INFO - 2023-10-11_10-26-59 - {"e":"aggTrade","E":1697000220034,"s":"BTCUSDT","a":2721616743,"p":"27121.47000000","q":"0.00243000","f":3235517840,"l":3235517840,"T":1697000220034,"m":true,"M":true}
2023-10-11 10:26:59,030 - 30 - INFO - program is working as expected.
2023-10-11 10:26:59,030 - 30 - INFO - 2023-10-11_10-26-59 - {"e":"aggTrade","E":1697000220035,"s":"BTCUSDT","a":2721616744,"p":"27121.48000000","q":"0.00199000","f":3235517841,"l":3235517841,"T":1697000220034,"m":false,"M":true}
2023-10-11 10:26:59,030 - 30 - INFO - program is working as expected.
2023-10-11 10:26:59,030 - 30 - INFO - 2023-10-11_10-26-59 - {"e":"aggTrade","E":1697000220035,"s":"BTCUSDT","a":2721616745,"p":"27121.47000000","q":"0.00260000","f":3235517842,"l":3235517842,"T":1697000220034,"m":true,"M":true}
2023-10-11 10:26:59,039 - 39 - INFO - program is working as expected.
2023-10-11 10:26:59,040 - 40 - INFO - 2023-10-11_10-26-59 - {"e":"aggTrade","E":1697000220035,"s":"BTCUSDT","a":2721616746,"p":"27121.47000000","q":"0.00318000","f":3235517843,"l":3235517843,"T":1697000220035,"m":true,"M":true}
2023-10-11 10:26:59,042 - 42 - INFO - program is working as expected.
2023-10-11 10:26:59,043 - 43 - INFO - 2023-10-11_10-26-59 - {"e":"aggTrade","E":1697000220036,"s":"BTCUSDT","a":2721616747,"p":"27121.47000000","q":"0.00125000","f":3235517844,"l":3235517844,"T":1697000220035,"m":true,"M":true}
2023-10-11 10:26:59,045 - 45 - INFO - program is working as expected.
2023-10-11 10:26:59,045 - 45 - INFO - 2023-10-11_10-26-59 - {"e":"aggTrade","E":1697000220037,"s":"BTCUSDT","a":2721616748,"p":"27121.47000000","q":"0.00113000","f":3235517845,"l":3235517845,"T":1697000220036,"m":true,"M":true}
2023-10-11 10:26:59,047 - 47 - INFO - program is working as expected.
2023-10-11 10:26:59,047 - 47 - INFO - 2023-10-11_10-26-59 - {"e":"aggTrade","E":1697000220038,"s":"BTCUSDT","a":2721616749,"p":"27121.47000000","q":"0.00333000","f":3235517846,"l":3235517846,"T":1697000220037,"m":true,"M":true}
2023-10-11 10:26:59,048 - 48 - INFO - program is working as expected.
2023-10-11 10:26:59,049 - 49 - INFO - 2023-10-11_10-26-59 - {"e":"aggTrade","E":1697000220040,"s":"BTCUSDT","a":2721616750,"p":"27121.47000000","q":"0.00193000","f":3235517847,"l":3235517847,"T":1697000220039,"m":true,"M":true}
2023-10-11 10:26:59,050 - 50 - INFO - program is working as expected.
2023-10-11 10:26:59,050 - 50 - INFO - 2023-10-11_10-26-59 - {"e":"aggTrade","E":1697000220042,"s":"BTCUSDT","a":2721616751,"p":"27121.47000000","q":"0.00362000","f":3235517848,"l":3235517848,"T":1697000220041,"m":true,"M":true}
2023-10-11 10:26:59,052 - 52 - INFO - program is working as expected.
2023-10-11 10:26:59,052 - 52 - INFO - 2023-10-11_10-26-59 - {"e":"aggTrade","E":1697000220048,"s":"BTCUSDT","a":2721616752,"p":"27121.47000000","q":"0.00283000","f":3235517849,"l":3235517849,"T":1697000220047,"m":true,"M":true}
2023-10-11 10:26:59,054 - 54 - INFO - program is working as expected.
2023-10-11 10:26:59,054 - 54 - INFO - 2023-10-11_10-26-59 - {"e":"aggTrade","E":1697000220049,"s":"BTCUSDT","a":2721616753,"p":"27121.47000000","q":"0.00261000","f":3235517850,"l":3235517850,"T":1697000220049,"m":true,"M":true}
2023-10-11 10:26:59,055 - 55 - INFO - program is working as expected.
2023-10-11 10:26:59,056 - 56 - INFO - 2023-10-11_10-26-59 - {"e":"aggTrade","E":1697000220056,"s":"BTCUSDT","a":2721616754,"p":"27121.48000000","q":"0.00150000","f":3235517851,"l":3235517851,"T":1697000220056,"m":false,"M":true}
2023-10-11 10:26:59,058 - 58 - INFO - program is working as expected.
2023-10-11 10:26:59,058 - 58 - INFO - 2023-10-11_10-26-59 - {"e":"aggTrade","E":1697000220057,"s":"BTCUSDT","a":2721616755,"p":"27121.47000000","q":"0.00277000","f":3235517852,"l":3235517852,"T":1697000220056,"m":true,"M":true}
2023-10-11 10:26:59,061 - 61 - INFO - program is working as expected.
2023-10-11 10:26:59,062 - 62 - INFO - 2023-10-11_10-26-59 - {"e":"aggTrade","E":1697000220057,"s":"BTCUSDT","a":2721616756,"p":"27121.47000000","q":"0.00186000","f":3235517853,"l":3235517853,"T":1697000220056,"m":true,"M":true}
2023-10-11 10:26:59,064 - 64 - INFO - program is working as expected.
2023-10-11 10:26:59,065 - 65 - INFO - 2023-10-11_10-26-59 - {"e":"aggTrade","E":1697000220059,"s":"BTCUSDT","a":2721616757,"p":"27121.48000000","q":"0.00062000","f":3235517854,"l":3235517854,"T":1697000220058,"m":false,"M":true}
2023-10-11 10:26:59,066 - 66 - INFO - program is working as expected.
2023-10-11 10:26:59,066 - 66 - INFO - 2023-10-11_10-26-59 - {"e":"aggTrade","E":1697000220059,"s":"BTCUSDT","a":2721616758,"p":"27121.47000000","q":"0.00149000","f":3235517855,"l":3235517855,"T":1697000220059,"m":true,"M":true}
2023-10-11 10:26:59,068 - 68 - INFO - program is working as expected.
2023-10-11 10:26:59,068 - 68 - INFO - 2023-10-11_10-26-59 - {"e":"aggTrade","E":1697000220059,"s":"BTCUSDT","a":2721616759,"p":"27121.48000000","q":"0.00228000","f":3235517856,"l":3235517856,"T":1697000220059,"m":false,"M":true}
2023-10-11 10:26:59,069 - 69 - INFO - program is working as expected.
2023-10-11 10:26:59,070 - 70 - INFO - 2023-10-11_10-26-59 - {"e":"aggTrade","E":1697000220060,"s":"BTCUSDT","a":2721616760,"p":"27121.47000000","q":"0.00307000","f":3235517857,"l":3235517857,"T":1697000220060,"m":true,"M":true}
2023-10-11 10:26:59,071 - 71 - INFO - program is working as expected.
2023-10-11 10:26:59,071 - 71 - INFO - 2023-10-11_10-26-59 - {"e":"aggTrade","E":1697000220061,"s":"BTCUSDT","a":2721616761,"p":"27121.48000000","q":"0.00397000","f":3235517858,"l":3235517858,"T":1697000220060,"m":false,"M":true}
2023-10-11 10:26:59,072 - 72 - INFO - program is working as expected.
2023-10-11 10:26:59,073 - 73 - INFO - 2023-10-11_10-26-59 - {"e":"aggTrade","E":1697000220062,"s":"BTCUSDT","a":2721616762,"p":"27121.48000000","q":"0.00328000","f":3235517859,"l":3235517859,"T":1697000220061,"m":false,"M":true}
2023-10-11 10:26:59,075 - 75 - INFO - program is working as expected.
2023-10-11 10:26:59,075 - 75 - INFO - 2023-10-11_10-26-59 - {"e":"aggTrade","E":1697000220064,"s":"BTCUSDT","a":2721616763,"p":"27121.47000000","q":"0.00167000","f":3235517860,"l":3235517860,"T":1697000220063,"m":true,"M":true}
2023-10-11 10:26:59,078 - 78 - INFO - program is working as expected.
2023-10-11 10:26:59,078 - 78 - INFO - 2023-10-11_10-26-59 - {"e":"aggTrade","E":1697000220073,"s":"BTCUSDT","a":2721616764,"p":"27121.48000000","q":"0.00075000","f":3235517861,"l":3235517861,"T":1697000220072,"m":false,"M":true}
2023-10-11 10:26:59,080 - 80 - INFO - program is working as expected.
2023-10-11 10:26:59,080 - 80 - INFO - 2023-10-11_10-26-59 - {"e":"aggTrade","E":1697000220074,"s":"BTCUSDT","a":2721616765,"p":"27121.47000000","q":"0.00190000","f":3235517862,"l":3235517862,"T":1697000220074,"m":true,"M":true}
2023-10-11 10:26:59,224 - 224 - INFO - program is working as expected.
2023-10-11 10:26:59,224 - 224 - INFO - 2023-10-11_10-26-59 - {"e":"aggTrade","E":1697000220437,"s":"BTCUSDT","a":2721616766,"p":"27121.47000000","q":"0.05297000","f":3235517863,"l":3235517863,"T":1697000220436,"m":true,"M":true}
2023-10-11 10:26:59,692 - 692 - INFO - program is working as expected.
2023-10-11 10:26:59,692 - 692 - INFO - 2023-10-11_10-26-59 - {"e":"aggTrade","E":1697000220889,"s":"BTCUSDT","a":2721616767,"p":"27121.48000000","q":"0.03000000","f":3235517864,"l":3235517865,"T":1697000220889,"m":false,"M":true}
2023-10-11 10:26:59,706 - 706 - INFO - program is working as expected.
2023-10-11 10:26:59,707 - 707 - INFO - 2023-10-11_10-26-59 - {"e":"aggTrade","E":1697000220894,"s":"BTCUSDT","a":2721616768,"p":"27121.48000000","q":"0.03000000","f":3235517866,"l":3235517866,"T":1697000220894,"m":false,"M":true}
2023-10-11 10:27:00,507 - 507 - INFO - program is working as expected.
2023-10-11 10:27:00,507 - 507 - INFO - 2023-10-11_10-27-00 - {"e":"aggTrade","E":1697000221686,"s":"BTCUSDT","a":2721616769,"p":"27121.48000000","q":"0.07375000","f":3235517867,"l":3235517867,"T":1697000221686,"m":false,"M":true}
2023-10-11 10:27:01,046 - 46 - INFO - program is working as expected.
2023-10-11 10:27:01,047 - 47 - INFO - 2023-10-11_10-27-01 - {"e":"aggTrade","E":1697000222198,"s":"BTCUSDT","a":2721616770,"p":"27121.48000000","q":"0.00030000","f":3235517868,"l":3235517868,"T":1697000222198,"m":false,"M":true}
2023-10-11 10:27:01,190 - 190 - INFO - program is working as expected.
2023-10-11 10:27:01,191 - 191 - INFO - 2023-10-11_10-27-01 - {"e":"aggTrade","E":1697000222362,"s":"BTCUSDT","a":2721616771,"p":"27121.48000000","q":"0.03000000","f":3235517869,"l":3235517871,"T":1697000222361,"m":false,"M":true}
2023-10-11 10:27:01,193 - 193 - INFO - program is working as expected.
2023-10-11 10:27:01,193 - 193 - INFO - 2023-10-11_10-27-01 - {"e":"aggTrade","E":1697000222365,"s":"BTCUSDT","a":2721616772,"p":"27121.48000000","q":"0.03000000","f":3235517872,"l":3235517872,"T":1697000222365,"m":false,"M":true}
2023-10-11 10:27:01,890 - 890 - INFO - program is working as expected.
2023-10-11 10:27:01,890 - 890 - INFO - 2023-10-11_10-27-01 - {"e":"aggTrade","E":1697000223076,"s":"BTCUSDT","a":2721616773,"p":"27121.47000000","q":"0.01047000","f":3235517873,"l":3235517873,"T":1697000223075,"m":true,"M":true}
2023-10-11 10:27:01,949 - 949 - INFO - program is working as expected.
2023-10-11 10:27:01,949 - 949 - INFO - 2023-10-11_10-27-01 - {"e":"aggTrade","E":1697000223141,"s":"BTCUSDT","a":2721616774,"p":"27121.47000000","q":"0.00975000","f":3235517874,"l":3235517874,"T":1697000223141,"m":true,"M":true}
2023-10-11 10:27:02,048 - 48 - INFO - program is working as expected.
2023-10-11 10:27:02,048 - 48 - INFO - 2023-10-11_10-27-02 - {"e":"aggTrade","E":1697000223229,"s":"BTCUSDT","a":2721616775,"p":"27121.48000000","q":"0.00033000","f":3235517875,"l":3235517875,"T":1697000223228,"m":false,"M":true}
2023-10-11 10:27:02,079 - 79 - INFO - program is working as expected.
2023-10-11 10:27:02,079 - 79 - INFO - 2023-10-11_10-27-02 - {"e":"aggTrade","E":1697000223258,"s":"BTCUSDT","a":2721616776,"p":"27121.47000000","q":"0.01412000","f":3235517876,"l":3235517876,"T":1697000223257,"m":true,"M":true}
2023-10-11 10:27:02,394 - 394 - INFO - program is working as expected.
2023-10-11 10:27:02,394 - 394 - INFO - 2023-10-11_10-27-02 - {"e":"aggTrade","E":1697000223587,"s":"BTCUSDT","a":2721616777,"p":"27121.48000000","q":"0.00754000","f":3235517877,"l":3235517878,"T":1697000223586,"m":false,"M":true}
2023-10-11 10:27:02,394 - 394 - INFO - program is working as expected.
2023-10-11 10:27:02,394 - 394 - INFO - 2023-10-11_10-27-02 - {"e":"aggTrade","E":1697000223587,"s":"BTCUSDT","a":2721616778,"p":"27121.50000000","q":"0.00036000","f":3235517879,"l":3235517879,"T":1697000223586,"m":false,"M":true}
2023-10-11 10:27:02,394 - 394 - INFO - program is working as expected.
2023-10-11 10:27:02,406 - 406 - INFO - 2023-10-11_10-27-02 - {"e":"aggTrade","E":1697000223587,"s":"BTCUSDT","a":2721616779,"p":"27121.52000000","q":"0.00033000","f":3235517880,"l":3235517880,"T":1697000223586,"m":false,"M":true}
2023-10-11 10:27:02,410 - 410 - INFO - program is working as expected.
2023-10-11 10:27:02,410 - 410 - INFO - 2023-10-11_10-27-02 - {"e":"aggTrade","E":1697000223587,"s":"BTCUSDT","a":2721616780,"p":"27121.57000000","q":"0.00036000","f":3235517881,"l":3235517881,"T":1697000223586,"m":false,"M":true}
2023-10-11 10:27:02,410 - 410 - INFO - program is working as expected.
2023-10-11 10:27:02,410 - 410 - INFO - 2023-10-11_10-27-02 - {"e":"aggTrade","E":1697000223587,"s":"BTCUSDT","a":2721616781,"p":"27121.64000000","q":"0.00094000","f":3235517882,"l":3235517884,"T":1697000223586,"m":false,"M":true}
2023-10-11 10:27:02,410 - 410 - INFO - program is working as expected.
2023-10-11 10:27:02,410 - 410 - INFO - 2023-10-11_10-27-02 - {"e":"aggTrade","E":1697000223588,"s":"BTCUSDT","a":2721616782,"p":"27121.66000000","q":"0.00022000","f":3235517885,"l":3235517885,"T":1697000223586,"m":false,"M":true}
2023-10-11 10:27:02,410 - 410 - INFO - program is working as expected.
2023-10-11 10:27:02,410 - 410 - INFO - 2023-10-11_10-27-02 - {"e":"aggTrade","E":1697000223588,"s":"BTCUSDT","a":2721616783,"p":"27121.71000000","q":"0.00036000","f":3235517886,"l":3235517886,"T":1697000223586,"m":false,"M":true}
2023-10-11 10:27:02,423 - 423 - INFO - program is working as expected.
2023-10-11 10:27:02,424 - 424 - INFO - 2023-10-11_10-27-02 - {"e":"aggTrade","E":1697000223588,"s":"BTCUSDT","a":2721616784,"p":"27121.76000000","q":"0.00033000","f":3235517887,"l":3235517887,"T":1697000223586,"m":false,"M":true}
2023-10-11 10:27:02,425 - 425 - INFO - program is working as expected.
2023-10-11 10:27:02,425 - 425 - INFO - 2023-10-11_10-27-02 - {"e":"aggTrade","E":1697000223588,"s":"BTCUSDT","a":2721616785,"p":"27121.78000000","q":"0.00036000","f":3235517888,"l":3235517888,"T":1697000223586,"m":false,"M":true}
2023-10-11 10:27:02,425 - 425 - INFO - program is working as expected.
2023-10-11 10:27:02,425 - 425 - INFO - 2023-10-11_10-27-02 - {"e":"aggTrade","E":1697000223588,"s":"BTCUSDT","a":2721616786,"p":"27121.80000000","q":"0.00025000","f":3235517889,"l":3235517889,"T":1697000223586,"m":false,"M":true}
2023-10-11 10:27:02,425 - 425 - INFO - program is working as expected.
2023-10-11 10:27:02,425 - 425 - INFO - 2023-10-11_10-27-02 - {"e":"aggTrade","E":1697000223588,"s":"BTCUSDT","a":2721616787,"p":"27121.85000000","q":"0.00036000","f":3235517890,"l":3235517890,"T":1697000223586,"m":false,"M":true}
2023-10-11 10:27:02,425 - 425 - INFO - program is working as expected.
2023-10-11 10:27:02,439 - 439 - INFO - 2023-10-11_10-27-02 - {"e":"aggTrade","E":1697000223588,"s":"BTCUSDT","a":2721616788,"p":"27121.88000000","q":"0.00033000","f":3235517891,"l":3235517891,"T":1697000223586,"m":false,"M":true}
2023-10-11 10:27:02,442 - 442 - INFO - program is working as expected.
2023-10-11 10:27:02,443 - 443 - INFO - 2023-10-11_10-27-02 - {"e":"aggTrade","E":1697000223588,"s":"BTCUSDT","a":2721616789,"p":"27121.92000000","q":"0.00036000","f":3235517892,"l":3235517892,"T":1697000223586,"m":false,"M":true}
2023-10-11 10:27:02,445 - 445 - INFO - program is working as expected.
2023-10-11 10:27:02,446 - 446 - INFO - 2023-10-11_10-27-02 - {"e":"aggTrade","E":1697000223588,"s":"BTCUSDT","a":2721616790,"p":"27121.96000000","q":"0.00025000","f":3235517893,"l":3235517893,"T":1697000223586,"m":false,"M":true}
2023-10-11 10:27:02,770 - 770 - INFO - program is working as expected.
2023-10-11 10:27:02,770 - 770 - INFO - 2023-10-11_10-27-02 - {"e":"aggTrade","E":1697000223588,"s":"BTCUSDT","a":2721616791,"p":"27121.99000000","q":"0.00036000","f":3235517894,"l":3235517894,"T":1697000223586,"m":false,"M":true}
2023-10-11 10:27:02,770 - 770 - INFO - program is working as expected.
2023-10-11 10:27:02,783 - 783 - INFO - 2023-10-11_10-27-02 - {"e":"aggTrade","E":1697000223588,"s":"BTCUSDT","a":2721616792,"p":"27122.00000000","q":"0.00033000","f":3235517895,"l":3235517895,"T":1697000223586,"m":false,"M":true}
2023-10-11 10:27:02,786 - 786 - INFO - program is working as expected.
2023-10-11 10:27:02,786 - 786 - INFO - 2023-10-11_10-27-02 - {"e":"aggTrade","E":1697000223588,"s":"BTCUSDT","a":2721616793,"p":"27122.02000000","q":"0.00022000","f":3235517896,"l":3235517896,"T":1697000223586,"m":false,"M":true}
2023-10-11 10:27:02,789 - 789 - INFO - program is working as expected.
2023-10-11 10:27:02,790 - 790 - INFO - 2023-10-11_10-27-02 - {"e":"aggTrade","E":1697000223588,"s":"BTCUSDT","a":2721616794,"p":"27122.06000000","q":"0.00036000","f":3235517897,"l":3235517897,"T":1697000223586,"m":false,"M":true}
2023-10-11 10:27:02,792 - 792 - INFO - program is working as expected.
2023-10-11 10:27:02,792 - 792 - INFO - 2023-10-11_10-27-02 - {"e":"aggTrade","E":1697000223588,"s":"BTCUSDT","a":2721616795,"p":"27122.12000000","q":"0.00058000","f":3235517898,"l":3235517899,"T":1697000223586,"m":false,"M":true}
2023-10-11 10:27:02,809 - 809 - INFO - program is working as expected.
2023-10-11 10:27:02,809 - 809 - INFO - 2023-10-11_10-27-02 - {"e":"aggTrade","E":1697000223588,"s":"BTCUSDT","a":2721616796,"p":"27122.13000000","q":"0.00036000","f":3235517900,"l":3235517900,"T":1697000223586,"m":false,"M":true}
2023-10-11 10:27:02,809 - 809 - INFO - program is working as expected.
2023-10-11 10:27:02,809 - 809 - INFO - 2023-10-11_10-27-02 - {"e":"aggTrade","E":1697000223588,"s":"BTCUSDT","a":2721616797,"p":"27122.20000000","q":"0.00036000","f":3235517901,"l":3235517901,"T":1697000223586,"m":false,"M":true}
2023-10-11 10:27:02,822 - 822 - INFO - program is working as expected.
2023-10-11 10:27:02,823 - 823 - INFO - 2023-10-11_10-27-02 - {"e":"aggTrade","E":1697000223588,"s":"BTCUSDT","a":2721616798,"p":"27122.24000000","q":"0.00033000","f":3235517902,"l":3235517902,"T":1697000223586,"m":false,"M":true}
2023-10-11 10:27:02,825 - 825 - INFO - program is working as expected.
2023-10-11 10:27:02,826 - 826 - INFO - 2023-10-11_10-27-02 - {"e":"aggTrade","E":1697000223588,"s":"BTCUSDT","a":2721616799,"p":"27122.27000000","q":"0.00036000","f":3235517903,"l":3235517903,"T":1697000223586,"m":false,"M":true}
2023-10-11 10:27:02,826 - 826 - INFO - program is working as expected.
2023-10-11 10:27:02,826 - 826 - INFO - 2023-10-11_10-27-02 - {"e":"aggTrade","E":1697000223588,"s":"BTCUSDT","a":2721616800,"p":"27122.28000000","q":"0.00025000","f":3235517904,"l":3235517904,"T":1697000223586,"m":false,"M":true}
2023-10-11 10:27:02,826 - 826 - INFO - program is working as expected.
2023-10-11 10:27:02,826 - 826 - INFO - 2023-10-11_10-27-02 - {"e":"aggTrade","E":1697000223588,"s":"BTCUSDT","a":2721616801,"p":"27122.34000000","q":"0.00036000","f":3235517905,"l":3235517905,"T":1697000223586,"m":false,"M":true}
2023-10-11 10:27:02,826 - 826 - INFO - program is working as expected.
2023-10-11 10:27:02,826 - 826 - INFO - 2023-10-11_10-27-02 - {"e":"aggTrade","E":1697000223588,"s":"BTCUSDT","a":2721616802,"p":"27122.36000000","q":"0.00033000","f":3235517906,"l":3235517906,"T":1697000223586,"m":false,"M":true}
2023-10-11 10:27:02,826 - 826 - INFO - program is working as expected.
2023-10-11 10:27:02,826 - 826 - INFO - 2023-10-11_10-27-02 - {"e":"aggTrade","E":1697000223588,"s":"BTCUSDT","a":2721616803,"p":"27122.38000000","q":"0.00022000","f":3235517907,"l":3235517907,"T":1697000223586,"m":false,"M":true}
2023-10-11 10:27:02,826 - 826 - INFO - program is working as expected.
2023-10-11 10:27:02,826 - 826 - INFO - 2023-10-11_10-27-02 - {"e":"aggTrade","E":1697000223588,"s":"BTCUSDT","a":2721616804,"p":"27122.41000000","q":"0.00036000","f":3235517908,"l":3235517908,"T":1697000223586,"m":false,"M":true}
2023-10-11 10:27:02,826 - 826 - INFO - program is working as expected.
2023-10-11 10:27:02,826 - 826 - INFO - 2023-10-11_10-27-02 - {"e":"aggTrade","E":1697000223588,"s":"BTCUSDT","a":2721616805,"p":"27122.44000000","q":"0.00025000","f":3235517909,"l":3235517909,"T":1697000223586,"m":false,"M":true}
2023-10-11 10:27:02,826 - 826 - INFO - program is working as expected.
2023-10-11 10:27:02,838 - 838 - INFO - 2023-10-11_10-27-02 - {"e":"aggTrade","E":1697000223588,"s":"BTCUSDT","a":2721616806,"p":"27122.48000000","q":"0.00069000","f":3235517910,"l":3235517911,"T":1697000223586,"m":false,"M":true}
2023-10-11 10:27:02,840 - 840 - INFO - program is working as expected.
2023-10-11 10:27:02,840 - 840 - INFO - 2023-10-11_10-27-02 - {"e":"aggTrade","E":1697000223588,"s":"BTCUSDT","a":2721616807,"p":"27122.55000000","q":"0.00036000","f":3235517912,"l":3235517912,"T":1697000223586,"m":false,"M":true}
2023-10-11 10:27:02,842 - 842 - INFO - program is working as expected.
2023-10-11 10:27:02,842 - 842 - INFO - 2023-10-11_10-27-02 - {"e":"aggTrade","E":1697000223588,"s":"BTCUSDT","a":2721616808,"p":"27122.56000000","q":"0.02434000","f":3235517913,"l":3235517913,"T":1697000223586,"m":false,"M":true}
2023-10-11 10:27:02,842 - 842 - INFO - program is working as expected.
2023-10-11 10:27:02,842 - 842 - INFO - 2023-10-11_10-27-02 - {"e":"aggTrade","E":1697000223588,"s":"BTCUSDT","a":2721616809,"p":"27122.59000000","q":"0.55286000","f":3235517914,"l":3235517914,"T":1697000223586,"m":false,"M":true}
2023-10-11 10:27:02,842 - 842 - INFO - program is working as expected.
2023-10-11 10:27:02,842 - 842 - INFO - 2023-10-11_10-27-02 - {"e":"aggTrade","E":1697000223588,"s":"BTCUSDT","a":2721616810,"p":"27122.60000000","q":"0.00853000","f":3235517915,"l":3235517918,"T":1697000223586,"m":false,"M":true}
2023-10-11 10:27:02,842 - 842 - INFO - program is working as expected.
2023-10-11 10:27:02,842 - 842 - INFO - 2023-10-11_10-27-02 - {"e":"aggTrade","E":1697000223588,"s":"BTCUSDT","a":2721616811,"p":"27122.62000000","q":"0.00036000","f":3235517919,"l":3235517919,"T":1697000223586,"m":false,"M":true}
2023-10-11 10:27:02,842 - 842 - INFO - program is working as expected.
2023-10-11 10:27:02,842 - 842 - INFO - 2023-10-11_10-27-02 - {"e":"aggTrade","E":1697000223588,"s":"BTCUSDT","a":2721616812,"p":"27122.69000000","q":"0.00036000","f":3235517920,"l":3235517920,"T":1697000223586,"m":false,"M":true}
2023-10-11 10:27:02,855 - 855 - INFO - program is working as expected.
2023-10-11 10:27:02,856 - 856 - INFO - 2023-10-11_10-27-02 - {"e":"aggTrade","E":1697000223588,"s":"BTCUSDT","a":2721616813,"p":"27122.72000000","q":"0.00033000","f":3235517921,"l":3235517921,"T":1697000223586,"m":false,"M":true}
2023-10-11 10:27:02,859 - 859 - INFO - program is working as expected.
2023-10-11 10:27:02,859 - 859 - INFO - 2023-10-11_10-27-02 - {"e":"aggTrade","E":1697000223588,"s":"BTCUSDT","a":2721616814,"p":"27122.74000000","q":"0.00022000","f":3235517922,"l":3235517922,"T":1697000223586,"m":false,"M":true}
2023-10-11 10:27:02,859 - 859 - INFO - program is working as expected.
2023-10-11 10:27:02,859 - 859 - INFO - 2023-10-11_10-27-02 - {"e":"aggTrade","E":1697000223588,"s":"BTCUSDT","a":2721616815,"p":"27122.76000000","q":"0.00061000","f":3235517923,"l":3235517924,"T":1697000223586,"m":false,"M":true}
2023-10-11 10:27:02,859 - 859 - INFO - program is working as expected.
2023-10-11 10:27:02,859 - 859 - INFO - 2023-10-11_10-27-02 - {"e":"aggTrade","E":1697000223588,"s":"BTCUSDT","a":2721616816,"p":"27122.83000000","q":"0.00036000","f":3235517925,"l":3235517925,"T":1697000223586,"m":false,"M":true}
2023-10-11 10:27:02,859 - 859 - INFO - program is working as expected.
2023-10-11 10:27:02,859 - 859 - INFO - 2023-10-11_10-27-02 - {"e":"aggTrade","E":1697000223588,"s":"BTCUSDT","a":2721616817,"p":"27122.84000000","q":"0.00033000","f":3235517926,"l":3235517926,"T":1697000223586,"m":false,"M":true}
2023-10-11 10:27:02,859 - 859 - INFO - program is working as expected.
2023-10-11 10:27:02,859 - 859 - INFO - 2023-10-11_10-27-02 - {"e":"aggTrade","E":1697000223588,"s":"BTCUSDT","a":2721616818,"p":"27122.90000000","q":"0.00036000","f":3235517927,"l":3235517927,"T":1697000223586,"m":false,"M":true}
2023-10-11 10:27:02,859 - 859 - INFO - program is working as expected.
2023-10-11 10:27:02,859 - 859 - INFO - 2023-10-11_10-27-02 - {"e":"aggTrade","E":1697000223588,"s":"BTCUSDT","a":2721616819,"p":"27122.92000000","q":"0.00025000","f":3235517928,"l":3235517928,"T":1697000223586,"m":false,"M":true}
2023-10-11 10:27:02,891 - 891 - INFO - program is working as expected.
2023-10-11 10:27:02,891 - 891 - INFO - 2023-10-11_10-27-02 - {"e":"aggTrade","E":1697000223588,"s":"BTCUSDT","a":2721616820,"p":"27122.96000000","q":"0.00033000","f":3235517929,"l":3235517929,"T":1697000223586,"m":false,"M":true}
2023-10-11 10:27:02,891 - 891 - INFO - program is working as expected.
2023-10-11 10:27:02,891 - 891 - INFO - 2023-10-11_10-27-02 - {"e":"aggTrade","E":1697000223588,"s":"BTCUSDT","a":2721616821,"p":"27122.97000000","q":"0.00036000","f":3235517930,"l":3235517930,"T":1697000223586,"m":false,"M":true}
2023-10-11 10:27:02,891 - 891 - INFO - program is working as expected.
2023-10-11 10:27:02,891 - 891 - INFO - 2023-10-11_10-27-02 - {"e":"aggTrade","E":1697000223588,"s":"BTCUSDT","a":2721616822,"p":"27123.04000000","q":"0.00036000","f":3235517931,"l":3235517931,"T":1697000223586,"m":false,"M":true}
2023-10-11 10:27:02,905 - 905 - INFO - program is working as expected.
2023-10-11 10:27:02,905 - 905 - INFO - 2023-10-11_10-27-02 - {"e":"aggTrade","E":1697000223588,"s":"BTCUSDT","a":2721616823,"p":"27123.08000000","q":"0.00025000","f":3235517932,"l":3235517932,"T":1697000223586,"m":false,"M":true}
2023-10-11 10:27:02,908 - 908 - INFO - program is working as expected.
2023-10-11 10:27:02,908 - 908 - INFO - 2023-10-11_10-27-02 - {"e":"aggTrade","E":1697000223588,"s":"BTCUSDT","a":2721616824,"p":"27123.09000000","q":"0.04089000","f":3235517933,"l":3235517933,"T":1697000223586,"m":false,"M":true}
2023-10-11 10:27:02,908 - 908 - INFO - program is working as expected.
2023-10-11 10:27:02,908 - 908 - INFO - 2023-10-11_10-27-02 - {"e":"aggTrade","E":1697000223588,"s":"BTCUSDT","a":2721616825,"p":"27123.09000000","q":"0.01711000","f":3235517934,"l":3235517934,"T":1697000223586,"m":false,"M":true}
2023-10-11 10:27:02,908 - 908 - INFO - program is working as expected.
2023-10-11 10:27:02,908 - 908 - INFO - 2023-10-11_10-27-02 - {"e":"aggTrade","E":1697000223588,"s":"BTCUSDT","a":2721616826,"p":"27123.10000000","q":"0.00022000","f":3235517935,"l":3235517935,"T":1697000223586,"m":false,"M":true}
2023-10-11 10:27:02,908 - 908 - INFO - program is working as expected.
2023-10-11 10:27:02,908 - 908 - INFO - 2023-10-11_10-27-02 - {"e":"aggTrade","E":1697000223588,"s":"BTCUSDT","a":2721616827,"p":"27123.11000000","q":"0.00036000","f":3235517936,"l":3235517936,"T":1697000223586,"m":false,"M":true}
2023-10-11 10:27:02,908 - 908 - INFO - program is working as expected.
2023-10-11 10:27:02,908 - 908 - INFO - 2023-10-11_10-27-02 - {"e":"aggTrade","E":1697000223588,"s":"BTCUSDT","a":2721616828,"p":"27123.18000000","q":"0.00036000","f":3235517937,"l":3235517937,"T":1697000223586,"m":false,"M":true}
2023-10-11 10:27:02,908 - 908 - INFO - program is working as expected.
2023-10-11 10:27:02,908 - 908 - INFO - 2023-10-11_10-27-02 - {"e":"aggTrade","E":1697000223588,"s":"BTCUSDT","a":2721616829,"p":"27123.19000000","q":"0.00050000","f":3235517938,"l":3235517938,"T":1697000223586,"m":false,"M":true}
2023-10-11 10:27:02,908 - 908 - INFO - program is working as expected.
2023-10-11 10:27:02,908 - 908 - INFO - 2023-10-11_10-27-02 - {"e":"aggTrade","E":1697000223588,"s":"BTCUSDT","a":2721616830,"p":"27123.24000000","q":"0.00025000","f":3235517939,"l":3235517939,"T":1697000223586,"m":false,"M":true}
2023-10-11 10:27:02,908 - 908 - INFO - program is working as expected.
2023-10-11 10:27:02,908 - 908 - INFO - 2023-10-11_10-27-02 - {"e":"aggTrade","E":1697000223588,"s":"BTCUSDT","a":2721616831,"p":"27123.25000000","q":"0.00036000","f":3235517940,"l":3235517940,"T":1697000223586,"m":false,"M":true}
2023-10-11 10:27:02,922 - 922 - INFO - program is working as expected.
2023-10-11 10:27:02,922 - 922 - INFO - 2023-10-11_10-27-02 - {"e":"aggTrade","E":1697000223588,"s":"BTCUSDT","a":2721616832,"p":"27123.32000000","q":"0.00036000","f":3235517941,"l":3235517941,"T":1697000223586,"m":false,"M":true}
2023-10-11 10:27:02,924 - 924 - INFO - program is working as expected.
2023-10-11 10:27:02,925 - 925 - INFO - 2023-10-11_10-27-02 - {"e":"aggTrade","E":1697000223588,"s":"BTCUSDT","a":2721616833,"p":"27123.34000000","q":"0.36864000","f":3235517942,"l":3235517942,"T":1697000223586,"m":false,"M":true}
2023-10-11 10:27:02,926 - 926 - INFO - program is working as expected.
2023-10-11 10:27:02,926 - 926 - INFO - 2023-10-11_10-27-02 - {"e":"aggTrade","E":1697000223588,"s":"BTCUSDT","a":2721616834,"p":"27123.39000000","q":"0.00036000","f":3235517943,"l":3235517943,"T":1697000223586,"m":false,"M":true}
2023-10-11 10:27:02,928 - 928 - INFO - program is working as expected.
2023-10-11 10:27:02,928 - 928 - INFO - 2023-10-11_10-27-02 - {"e":"aggTrade","E":1697000223588,"s":"BTCUSDT","a":2721616835,"p":"27123.40000000","q":"0.00025000","f":3235517944,"l":3235517944,"T":1697000223586,"m":false,"M":true}
2023-10-11 10:27:02,929 - 929 - INFO - program is working as expected.
2023-10-11 10:27:02,929 - 929 - INFO - 2023-10-11_10-27-02 - {"e":"aggTrade","E":1697000223588,"s":"BTCUSDT","a":2721616836,"p":"27123.42000000","q":"0.25123000","f":3235517945,"l":3235517945,"T":1697000223586,"m":false,"M":true}
2023-10-11 10:27:02,929 - 929 - INFO - program is working as expected.
2023-10-11 10:27:02,929 - 929 - INFO - 2023-10-11_10-27-02 - {"e":"aggTrade","E":1697000223588,"s":"BTCUSDT","a":2721616837,"p":"27123.42000000","q":"0.04000000","f":3235517946,"l":3235517946,"T":1697000223586,"m":false,"M":true}
