2023-11-15_13-07-12-+0000 {"e":"aggTrade","E":1700053631780,"a":1421457706,"s":"ETHUSDT","p":"2019.56","q":"0.496","f":3361692796,"l":3361692796,"T":1700053631742,"m":true}
2023-11-15_13-07-12-+0000 {"e":"aggTrade","E":1700053631823,"a":1421457707,"s":"ETHUSDT","p":"2019.57","q":"1.929","f":3361692797,"l":3361692797,"T":1700053631778,"m":false}
2023-11-15_13-07-12-+0000 {"e":"aggTrade","E":1700053631904,"a":1421457708,"s":"ETHUSDT","p":"2019.56","q":"0.053","f":3361692798,"l":3361692798,"T":1700053631821,"m":true}
2023-11-15_13-07-12-+0000 {"e":"aggTrade","E":1700053632055,"a":1421457709,"s":"ETHUSDT","p":"2019.57","q":"0.371","f":3361692799,"l":3361692806,"T":1700053631902,"m":false}
2023-11-15_13-07-13-+0000 {"e":"aggTrade","E":1700053632485,"a":1421457710,"s":"ETHUSDT","p":"2019.65","q":"0.397","f":3361692807,"l":3361692807,"T":1700053632331,"m":false}
2023-11-15_13-07-13-+0000 {"e":"aggTrade","E":1700053632662,"a":1421457711,"s":"ETHUSDT","p":"2019.65","q":"0.498","f":3361692808,"l":3361692810,"T":1700053632509,"m":false}
2023-11-15_13-07-13-+0000 {"e":"aggTrade","E":1700053633002,"a":1421457712,"s":"ETHUSDT","p":"2019.64","q":"5.000","f":3361692811,"l":3361692812,"T":1700053632848,"m":true}
2023-11-15_13-07-14-+0000 {"e":"aggTrade","E":1700053634061,"a":1421457713,"s":"ETHUSDT","p":"2019.65","q":"0.098","f":3361692813,"l":3361692814,"T":1700053633909,"m":false}
2023-11-15_13-07-15-+0000 {"e":"aggTrade","E":1700053634322,"a":1421457714,"s":"ETHUSDT","p":"2019.65","q":"0.081","f":3361692815,"l":3361692816,"T":1700053634170,"m":false}
2023-11-15_13-07-15-+0000 {"e":"aggTrade","E":1700053634919,"a":1916834534,"s":"BTCUSDT","p":"36232.70","q":"0.013","f":4291583748,"l":4291583748,"T":1700053634766,"m":true}
2023-11-15_13-07-15-+0000 {"e":"aggTrade","E":1700053634919,"a":1421457715,"s":"ETHUSDT","p":"2019.64","q":"0.149","f":3361692817,"l":3361692817,"T":1700053634765,"m":true}
2023-11-15_13-07-16-+0000 {"e":"aggTrade","E":1700053635140,"a":1916834535,"s":"BTCUSDT","p":"36232.80","q":"0.005","f":4291583749,"l":4291583749,"T":1700053635130,"m":false}
2023-11-15_13-07-16-+0000 {"e":"aggTrade","E":1700053635141,"a":1421457716,"s":"ETHUSDT","p":"2019.65","q":"0.247","f":3361692818,"l":3361692818,"T":1700053634988,"m":false}
2023-11-15_13-07-16-+0000 {"e":"aggTrade","E":1700053635972,"a":1421457717,"s":"ETHUSDT","p":"2019.65","q":"1.000","f":3361692819,"l":3361692819,"T":1700053635820,"m":false}
2023-11-15_13-07-16-+0000 {"e":"aggTrade","E":1700053636027,"a":1421457718,"s":"ETHUSDT","p":"2019.64","q":"0.100","f":3361692820,"l":3361692820,"T":1700053636013,"m":true}
2023-11-15_13-07-16-+0000 {"e":"aggTrade","E":1700053636087,"a":1421457719,"s":"ETHUSDT","p":"2019.65","q":"0.080","f":3361692821,"l":3361692822,"T":1700053636026,"m":false}
2023-11-15_13-07-17-+0000 {"e":"aggTrade","E":1700053636238,"a":1421457720,"s":"ETHUSDT","p":"2019.64","q":"2.000","f":3361692823,"l":3361692823,"T":1700053636085,"m":true}
2023-11-15_13-07-17-+0000 {"e":"aggTrade","E":1700053636522,"a":1421457721,"s":"ETHUSDT","p":"2019.65","q":"0.205","f":3361692824,"l":3361692824,"T":1700053636369,"m":false}
2023-11-15_13-07-17-+0000 {"e":"aggTrade","E":1700053636865,"a":1421457722,"s":"ETHUSDT","p":"2019.65","q":"1.720","f":3361692825,"l":3361692828,"T":1700053636863,"m":false}
2023-11-15_13-07-17-+0000 {"e":"aggTrade","E":1700053636865,"a":1421457723,"s":"ETHUSDT","p":"2019.66","q":"0.010","f":3361692829,"l":3361692829,"T":1700053636863,"m":false}
2023-11-15_13-07-17-+0000 {"e":"aggTrade","E":1700053636865,"a":1421457724,"s":"ETHUSDT","p":"2019.69","q":"0.034","f":3361692830,"l":3361692830,"T":1700053636863,"m":false}
2023-11-15_13-07-17-+0000 {"e":"aggTrade","E":1700053636865,"a":1421457725,"s":"ETHUSDT","p":"2019.70","q":"0.013","f":3361692831,"l":3361692831,"T":1700053636863,"m":false}
2023-11-15_13-07-17-+0000 {"e":"aggTrade","E":1700053636865,"a":1421457726,"s":"ETHUSDT","p":"2019.71","q":"0.017","f":3361692832,"l":3361692833,"T":1700053636863,"m":false}
2023-11-15_13-07-17-+0000 {"e":"aggTrade","E":1700053636865,"a":1421457727,"s":"ETHUSDT","p":"2019.72","q":"1.228","f":3361692834,"l":3361692834,"T":1700053636863,"m":false}
2023-11-15_13-07-17-+0000 {"e":"aggTrade","E":1700053637016,"a":1421457728,"s":"ETHUSDT","p":"2019.73","q":"1.105","f":3361692835,"l":3361692841,"T":1700053636863,"m":false}
2023-11-15_13-07-18-+0000 {"e":"aggTrade","E":1700053637457,"a":1421457729,"s":"ETHUSDT","p":"2019.74","q":"0.980","f":3361692842,"l":3361692843,"T":1700053637305,"m":false}
2023-11-15_13-07-18-+0000 {"e":"aggTrade","E":1700053637598,"a":1421457730,"s":"ETHUSDT","p":"2019.73","q":"0.057","f":3361692844,"l":3361692845,"T":1700053637555,"m":true}
2023-11-15_13-07-18-+0000 {"e":"aggTrade","E":1700053637749,"a":1421457731,"s":"ETHUSDT","p":"2019.74","q":"0.024","f":3361692846,"l":3361692846,"T":1700053637596,"m":false}
2023-11-15_13-07-19-+0000 {"e":"aggTrade","E":1700053638446,"a":1421457732,"s":"ETHUSDT","p":"2019.74","q":"0.167","f":3361692847,"l":3361692847,"T":1700053638333,"m":false}
2023-11-15_13-07-19-+0000 {"e":"aggTrade","E":1700053638572,"a":1421457733,"s":"ETHUSDT","p":"2019.74","q":"0.010","f":3361692848,"l":3361692848,"T":1700053638444,"m":false}
2023-11-15_13-07-19-+0000 {"e":"aggTrade","E":1700053638723,"a":1421457734,"s":"ETHUSDT","p":"2019.73","q":"0.027","f":3361692849,"l":3361692849,"T":1700053638570,"m":true}
2023-11-15_13-07-19-+0000 {"e":"aggTrade","E":1700053638965,"a":1421457735,"s":"ETHUSDT","p":"2019.74","q":"0.063","f":3361692850,"l":3361692851,"T":1700053638953,"m":false}
2023-11-15_13-07-19-+0000 {"e":"aggTrade","E":1700053639116,"a":1421457736,"s":"ETHUSDT","p":"2019.73","q":"0.263","f":3361692852,"l":3361692852,"T":1700053638964,"m":true}
2023-11-15_13-07-20-+0000 {"e":"aggTrade","E":1700053639231,"a":1916834582,"s":"BTCUSDT","p":"36233.80","q":"0.071","f":4291583966,"l":4291583967,"T":1700053639228,"m":true}
2023-11-15_13-07-20-+0000 {"e":"aggTrade","E":1700053639239,"a":1421457737,"s":"ETHUSDT","p":"2019.74","q":"0.097","f":3361692853,"l":3361692853,"T":1700053639123,"m":false}
2023-11-15_13-07-20-+0000 {"e":"aggTrade","E":1700053639243,"a":1421457738,"s":"ETHUSDT","p":"2019.73","q":"52.734","f":3361692854,"l":3361692897,"T":1700053639236,"m":true}
2023-11-15_13-07-20-+0000 {"e":"aggTrade","E":1700053639243,"a":1421457739,"s":"ETHUSDT","p":"2019.72","q":"4.817","f":3361692898,"l":3361692903,"T":1700053639239,"m":true}
2023-11-15_13-07-20-+0000 {"e":"aggTrade","E":1700053639244,"a":1421457741,"s":"ETHUSDT","p":"2019.69","q":"12.269","f":3361692906,"l":3361692908,"T":1700053639239,"m":true}
2023-11-15_13-07-20-+0000 {"e":"aggTrade","E":1700053639247,"a":1421457742,"s":"ETHUSDT","p":"2019.68","q":"11.589","f":3361692909,"l":3361692912,"T":1700053639240,"m":true}
2023-11-15_13-07-20-+0000 {"e":"aggTrade","E":1700053639249,"a":1421457743,"s":"ETHUSDT","p":"2019.67","q":"10.192","f":3361692913,"l":3361692914,"T":1700053639242,"m":true}
2023-11-15_13-07-20-+0000 {"e":"aggTrade","E":1700053639251,"a":1421457744,"s":"ETHUSDT","p":"2019.64","q":"12.661","f":3361692915,"l":3361692923,"T":1700053639243,"m":true}
2023-11-15_13-07-20-+0000 {"e":"aggTrade","E":1700053639256,"a":1916834601,"s":"BTCUSDT","p":"36230.50","q":"0.010","f":4291584026,"l":4291584026,"T":1700053639249,"m":true}
2023-11-15_13-07-20-+0000 {"e":"aggTrade","E":1700053639308,"a":1421457748,"s":"ETHUSDT","p":"2019.56","q":"1.030","f":3361692929,"l":3361692931,"T":1700053639273,"m":true}
2023-11-15_13-07-20-+0000 {"e":"aggTrade","E":1700053639308,"a":1421457751,"s":"ETHUSDT","p":"2019.53","q":"2.674","f":3361692935,"l":3361692938,"T":1700053639305,"m":true}
2023-11-15_13-07-20-+0000 {"e":"aggTrade","E":1700053639459,"a":1421457752,"s":"ETHUSDT","p":"2019.51","q":"0.695","f":3361692939,"l":3361692939,"T":1700053639305,"m":true}
2023-11-15_13-07-20-+0000 {"e":"aggTrade","E":1700053640019,"a":1421457753,"s":"ETHUSDT","p":"2019.52","q":"0.126","f":3361692940,"l":3361692941,"T":1700053639958,"m":false}
2023-11-15_13-07-21-+0000 {"e":"aggTrade","E":1700053640170,"a":1421457754,"s":"ETHUSDT","p":"2019.51","q":"3.940","f":3361692942,"l":3361692953,"T":1700053640017,"m":true}
2023-11-15_13-07-21-+0000 {"e":"aggTrade","E":1700053640626,"a":1421457755,"s":"ETHUSDT","p":"2019.52","q":"53.428","f":3361692954,"l":3361692987,"T":1700053640624,"m":false}
2023-11-15_13-07-21-+0000 {"e":"aggTrade","E":1700053640626,"a":1421457756,"s":"ETHUSDT","p":"2019.53","q":"0.010","f":3361692988,"l":3361692988,"T":1700053640624,"m":false}
2023-11-15_13-07-21-+0000 {"e":"aggTrade","E":1700053640626,"a":1421457757,"s":"ETHUSDT","p":"2019.55","q":"1.125","f":3361692989,"l":3361692990,"T":1700053640624,"m":false}
2023-11-15_13-07-21-+0000 {"e":"aggTrade","E":1700053640627,"a":1421457758,"s":"ETHUSDT","p":"2019.56","q":"7.681","f":3361692991,"l":3361692995,"T":1700053640624,"m":false}
2023-11-15_13-07-21-+0000 {"e":"aggTrade","E":1700053640627,"a":1421457759,"s":"ETHUSDT","p":"2019.57","q":"1.105","f":3361692996,"l":3361692996,"T":1700053640624,"m":false}
2023-11-15_13-07-21-+0000 {"e":"aggTrade","E":1700053640627,"a":1421457760,"s":"ETHUSDT","p":"2019.59","q":"0.232","f":3361692997,"l":3361692997,"T":1700053640624,"m":false}
2023-11-15_13-07-21-+0000 {"e":"aggTrade","E":1700053640627,"a":1421457761,"s":"ETHUSDT","p":"2019.60","q":"7.443","f":3361692998,"l":3361693000,"T":1700053640624,"m":false}
2023-11-15_13-07-21-+0000 {"e":"aggTrade","E":1700053640627,"a":1421457762,"s":"ETHUSDT","p":"2019.62","q":"0.941","f":3361693001,"l":3361693001,"T":1700053640624,"m":false}
2023-11-15_13-07-21-+0000 {"e":"aggTrade","E":1700053640627,"a":1421457763,"s":"ETHUSDT","p":"2019.64","q":"1.105","f":3361693002,"l":3361693002,"T":1700053640624,"m":false}
2023-11-15_13-07-21-+0000 {"e":"aggTrade","E":1700053640627,"a":1421457764,"s":"ETHUSDT","p":"2019.65","q":"3.481","f":3361693003,"l":3361693004,"T":1700053640624,"m":false}
2023-11-15_13-07-21-+0000 {"e":"aggTrade","E":1700053640627,"a":1421457765,"s":"ETHUSDT","p":"2019.66","q":"9.535","f":3361693005,"l":3361693009,"T":1700053640624,"m":false}
2023-11-15_13-07-21-+0000 {"e":"aggTrade","E":1700053640627,"a":1421457766,"s":"ETHUSDT","p":"2019.67","q":"3.124","f":3361693010,"l":3361693010,"T":1700053640624,"m":false}
2023-11-15_13-07-21-+0000 {"e":"aggTrade","E":1700053640627,"a":1421457767,"s":"ETHUSDT","p":"2019.68","q":"9.284","f":3361693011,"l":3361693012,"T":1700053640624,"m":false}
2023-11-15_13-07-21-+0000 {"e":"aggTrade","E":1700053640627,"a":1421457768,"s":"ETHUSDT","p":"2019.69","q":"3.093","f":3361693013,"l":3361693016,"T":1700053640624,"m":false}
2023-11-15_13-07-21-+0000 {"e":"aggTrade","E":1700053640627,"a":1421457769,"s":"ETHUSDT","p":"2019.70","q":"3.759","f":3361693017,"l":3361693018,"T":1700053640624,"m":false}
2023-11-15_13-07-21-+0000 {"e":"aggTrade","E":1700053640627,"a":1421457770,"s":"ETHUSDT","p":"2019.71","q":"8.091","f":3361693019,"l":3361693021,"T":1700053640624,"m":false}
2023-11-15_13-07-21-+0000 {"e":"aggTrade","E":1700053640627,"a":1421457771,"s":"ETHUSDT","p":"2019.72","q":"13.271","f":3361693022,"l":3361693028,"T":1700053640624,"m":false}
2023-11-15_13-07-21-+0000 {"e":"aggTrade","E":1700053640627,"a":1421457772,"s":"ETHUSDT","p":"2019.73","q":"5.126","f":3361693029,"l":3361693032,"T":1700053640624,"m":false}
2023-11-15_13-07-21-+0000 {"e":"aggTrade","E":1700053640627,"a":1421457773,"s":"ETHUSDT","p":"2019.74","q":"17.891","f":3361693033,"l":3361693037,"T":1700053640624,"m":false}
2023-11-15_13-07-21-+0000 {"e":"aggTrade","E":1700053640627,"a":1421457774,"s":"ETHUSDT","p":"2019.75","q":"26.680","f":3361693038,"l":3361693041,"T":1700053640624,"m":false}
2023-11-15_13-07-21-+0000 {"e":"aggTrade","E":1700053640627,"a":1421457775,"s":"ETHUSDT","p":"2019.76","q":"4.952","f":3361693042,"l":3361693042,"T":1700053640624,"m":false}
2023-11-15_13-07-21-+0000 {"e":"aggTrade","E":1700053640627,"a":1421457776,"s":"ETHUSDT","p":"2019.77","q":"4.326","f":3361693043,"l":3361693045,"T":1700053640624,"m":false}
2023-11-15_13-07-21-+0000 {"e":"aggTrade","E":1700053640627,"a":1421457777,"s":"ETHUSDT","p":"2019.78","q":"4.418","f":3361693046,"l":3361693050,"T":1700053640624,"m":false}
2023-11-15_13-07-21-+0000 {"e":"aggTrade","E":1700053640627,"a":1421457778,"s":"ETHUSDT","p":"2019.79","q":"0.201","f":3361693051,"l":3361693051,"T":1700053640624,"m":false}
2023-11-15_13-07-21-+0000 {"e":"aggTrade","E":1700053640628,"a":1421457779,"s":"ETHUSDT","p":"2019.80","q":"8.183","f":3361693052,"l":3361693057,"T":1700053640624,"m":false}
2023-11-15_13-07-21-+0000 {"e":"aggTrade","E":1700053640628,"a":1421457780,"s":"ETHUSDT","p":"2019.81","q":"1.047","f":3361693058,"l":3361693060,"T":1700053640624,"m":false}
2023-11-15_13-07-21-+0000 {"e":"aggTrade","E":1700053640628,"a":1421457781,"s":"ETHUSDT","p":"2019.82","q":"3.406","f":3361693061,"l":3361693063,"T":1700053640624,"m":false}
2023-11-15_13-07-21-+0000 {"e":"aggTrade","E":1700053640628,"a":1421457782,"s":"ETHUSDT","p":"2019.83","q":"34.061","f":3361693064,"l":3361693070,"T":1700053640624,"m":false}
2023-11-15_13-07-21-+0000 {"e":"aggTrade","E":1700053640634,"a":1421457783,"s":"ETHUSDT","p":"2019.84","q":"12.913","f":3361693071,"l":3361693071,"T":1700053640625,"m":false}
2023-11-15_13-07-21-+0000 {"e":"aggTrade","E":1700053640785,"a":1916834628,"s":"BTCUSDT","p":"36227.80","q":"0.199","f":4291584110,"l":4291584112,"T":1700053640632,"m":false}
2023-11-15_13-07-21-+0000 {"e":"aggTrade","E":1700053640785,"a":1421457784,"s":"ETHUSDT","p":"2019.83","q":"0.031","f":3361693072,"l":3361693073,"T":1700053640632,"m":true}
2023-11-15_13-07-22-+0000 {"e":"aggTrade","E":1700053641228,"a":1421457786,"s":"ETHUSDT","p":"2019.82","q":"0.015","f":3361693080,"l":3361693080,"T":1700053641076,"m":true}
2023-11-15_13-07-22-+0000 {"e":"aggTrade","E":1700053641992,"a":1421457787,"s":"ETHUSDT","p":"2019.77","q":"4.955","f":3361693081,"l":3361693081,"T":1700053641839,"m":false}
2023-11-15_13-07-22-+0000 {"e":"aggTrade","E":1700053642065,"a":1421457788,"s":"ETHUSDT","p":"2019.77","q":"0.024","f":3361693082,"l":3361693082,"T":1700053642033,"m":false}
2023-11-15_13-07-22-+0000 {"e":"aggTrade","E":1700053642074,"a":1421457789,"s":"ETHUSDT","p":"2019.76","q":"6.458","f":3361693083,"l":3361693090,"T":1700053642063,"m":true}
2023-11-15_13-07-23-+0000 {"e":"aggTrade","E":1700053642217,"a":1421457790,"s":"ETHUSDT","p":"2019.75","q":"0.020","f":3361693091,"l":3361693092,"T":1700053642067,"m":true}
2023-11-15_13-07-23-+0000 {"e":"aggTrade","E":1700053642228,"a":1916834676,"s":"BTCUSDT","p":"36226.00","q":"0.375","f":4291584213,"l":4291584219,"T":1700053642225,"m":true}
2023-11-15_13-07-23-+0000 {"e":"aggTrade","E":1700053642313,"a":1421457798,"s":"ETHUSDT","p":"2019.47","q":"0.049","f":3361693122,"l":3361693123,"T":1700053642289,"m":false}
2023-11-15_13-07-23-+0000 {"e":"aggTrade","E":1700053642345,"a":1421457799,"s":"ETHUSDT","p":"2019.46","q":"3.420","f":3361693124,"l":3361693125,"T":1700053642311,"m":true}
2023-11-15_13-07-23-+0000 {"e":"aggTrade","E":1700053642353,"a":1421457800,"s":"ETHUSDT","p":"2019.45","q":"0.020","f":3361693126,"l":3361693127,"T":1700053642344,"m":true}
2023-11-15_13-07-23-+0000 {"e":"aggTrade","E":1700053642353,"a":1421457801,"s":"ETHUSDT","p":"2019.44","q":"0.100","f":3361693128,"l":3361693128,"T":1700053642351,"m":true}
2023-11-15_13-07-23-+0000 {"e":"aggTrade","E":1700053642353,"a":1421457802,"s":"ETHUSDT","p":"2019.41","q":"0.015","f":3361693129,"l":3361693129,"T":1700053642351,"m":true}
2023-11-15_13-07-23-+0000 {"e":"aggTrade","E":1700053642353,"a":1421457803,"s":"ETHUSDT","p":"2019.40","q":"0.011","f":3361693130,"l":3361693130,"T":1700053642351,"m":true}
2023-11-15_13-07-23-+0000 {"e":"aggTrade","E":1700053642353,"a":1421457804,"s":"ETHUSDT","p":"2019.38","q":"0.436","f":3361693131,"l":3361693131,"T":1700053642351,"m":true}
2023-11-15_13-07-23-+0000 {"e":"aggTrade","E":1700053642353,"a":1421457805,"s":"ETHUSDT","p":"2019.37","q":"0.051","f":3361693132,"l":3361693132,"T":1700053642351,"m":true}
2023-11-15_13-07-23-+0000 {"e":"aggTrade","E":1700053642353,"a":1421457806,"s":"ETHUSDT","p":"2019.36","q":"1.409","f":3361693133,"l":3361693133,"T":1700053642351,"m":true}
2023-11-15_13-07-23-+0000 {"e":"aggTrade","E":1700053642353,"a":1421457807,"s":"ETHUSDT","p":"2019.35","q":"0.824","f":3361693134,"l":3361693135,"T":1700053642351,"m":true}
2023-11-15_13-07-23-+0000 {"e":"aggTrade","E":1700053642353,"a":1421457808,"s":"ETHUSDT","p":"2019.31","q":"0.015","f":3361693136,"l":3361693136,"T":1700053642351,"m":true}
2023-11-15_13-07-23-+0000 {"e":"aggTrade","E":1700053642353,"a":1421457809,"s":"ETHUSDT","p":"2019.30","q":"0.233","f":3361693137,"l":3361693139,"T":1700053642351,"m":true}
2023-11-15_13-07-23-+0000 {"e":"aggTrade","E":1700053642364,"a":1421457810,"s":"ETHUSDT","p":"2019.28","q":"0.306","f":3361693140,"l":3361693141,"T":1700053642351,"m":true}
2023-11-15_13-07-23-+0000 {"e":"aggTrade","E":1700053642431,"a":1421457811,"s":"ETHUSDT","p":"2019.27","q":"0.200","f":3361693142,"l":3361693142,"T":1700053642361,"m":false}
2023-11-15_13-07-23-+0000 {"e":"aggTrade","E":1700053642513,"a":1421457812,"s":"ETHUSDT","p":"2019.26","q":"0.340","f":3361693143,"l":3361693144,"T":1700053642429,"m":true}
2023-11-15_13-07-23-+0000 {"e":"aggTrade","E":1700053642514,"a":1421457813,"s":"ETHUSDT","p":"2019.27","q":"0.224","f":3361693145,"l":3361693155,"T":1700053642511,"m":false}
2023-11-15_13-07-23-+0000 {"e":"aggTrade","E":1700053642514,"a":1421457814,"s":"ETHUSDT","p":"2019.28","q":"0.010","f":3361693156,"l":3361693156,"T":1700053642512,"m":false}
2023-11-15_13-07-23-+0000 {"e":"aggTrade","E":1700053642514,"a":1421457815,"s":"ETHUSDT","p":"2019.30","q":"0.013","f":3361693157,"l":3361693157,"T":1700053642512,"m":false}
2023-11-15_13-07-23-+0000 {"e":"aggTrade","E":1700053642665,"a":1421457816,"s":"ETHUSDT","p":"2019.31","q":"0.020","f":3361693158,"l":3361693159,"T":1700053642512,"m":false}
2023-11-15_13-07-24-+0000 {"e":"aggTrade","E":1700053643193,"a":1421457817,"s":"ETHUSDT","p":"2019.33","q":"1.400","f":3361693160,"l":3361693161,"T":1700053643041,"m":true}
2023-11-15_13-07-24-+0000 {"e":"aggTrade","E":1700053643344,"a":1421457818,"s":"ETHUSDT","p":"2019.34","q":"0.011","f":3361693162,"l":3361693162,"T":1700053643191,"m":false}
2023-11-15_13-07-24-+0000 {"e":"aggTrade","E":1700053643462,"a":1421457819,"s":"ETHUSDT","p":"2019.34","q":"0.012","f":3361693163,"l":3361693163,"T":1700053643369,"m":false}
2023-11-15_13-07-24-+0000 {"e":"aggTrade","E":1700053643462,"a":1421457820,"s":"ETHUSDT","p":"2019.35","q":"0.010","f":3361693164,"l":3361693164,"T":1700053643460,"m":false}
2023-11-15_13-07-24-+0000 {"e":"aggTrade","E":1700053643462,"a":1421457821,"s":"ETHUSDT","p":"2019.39","q":"0.010","f":3361693165,"l":3361693165,"T":1700053643460,"m":false}
2023-11-15_13-07-24-+0000 {"e":"aggTrade","E":1700053643604,"a":1421457823,"s":"ETHUSDT","p":"2019.42","q":"0.125","f":3361693168,"l":3361693172,"T":1700053643460,"m":false}
2023-11-15_13-07-24-+0000 {"e":"aggTrade","E":1700053643755,"a":1421457824,"s":"ETHUSDT","p":"2019.43","q":"0.025","f":3361693173,"l":3361693173,"T":1700053643602,"m":false}
2023-11-15_13-07-24-+0000 {"e":"aggTrade","E":1700053644067,"a":1421457825,"s":"ETHUSDT","p":"2019.43","q":"3.075","f":3361693174,"l":3361693177,"T":1700053643914,"m":false}
2023-11-15_13-07-25-+0000 {"e":"aggTrade","E":1700053644284,"a":1421457826,"s":"ETHUSDT","p":"2019.42","q":"20.593","f":3361693178,"l":3361693200,"T":1700053644252,"m":true}
2023-11-15_13-07-25-+0000 {"e":"aggTrade","E":1700053644435,"a":1421457827,"s":"ETHUSDT","p":"2019.41","q":"0.015","f":3361693201,"l":3361693202,"T":1700053644282,"m":true}
2023-11-15_13-07-25-+0000 {"e":"aggTrade","E":1700053644681,"a":1421457828,"s":"ETHUSDT","p":"2019.33","q":"0.071","f":3361693203,"l":3361693203,"T":1700053644560,"m":true}
2023-11-15_13-07-25-+0000 {"e":"aggTrade","E":1700053644832,"a":1421457829,"s":"ETHUSDT","p":"2019.33","q":"0.434","f":3361693204,"l":3361693204,"T":1700053644680,"m":true}
2023-11-15_13-07-25-+0000 {"e":"aggTrade","E":1700053644919,"a":1916834740,"s":"BTCUSDT","p":"36221.00","q":"0.060","f":4291584368,"l":4291584368,"T":1700053644900,"m":false}
2023-11-15_13-07-25-+0000 {"e":"aggTrade","E":1700053644949,"a":1421457830,"s":"ETHUSDT","p":"2019.33","q":"1.146","f":3361693205,"l":3361693212,"T":1700053644947,"m":true}
2023-11-15_13-07-25-+0000 {"e":"aggTrade","E":1700053644949,"a":1421457831,"s":"ETHUSDT","p":"2019.32","q":"0.010","f":3361693213,"l":3361693213,"T":1700053644947,"m":true}
2023-11-15_13-07-25-+0000 {"e":"aggTrade","E":1700053644949,"a":1421457832,"s":"ETHUSDT","p":"2019.31","q":"0.015","f":3361693214,"l":3361693214,"T":1700053644947,"m":true}
2023-11-15_13-07-25-+0000 {"e":"aggTrade","E":1700053644949,"a":1421457833,"s":"ETHUSDT","p":"2019.30","q":"0.013","f":3361693215,"l":3361693215,"T":1700053644947,"m":true}
2023-11-15_13-07-25-+0000 {"e":"aggTrade","E":1700053644963,"a":1421457834,"s":"ETHUSDT","p":"2019.26","q":"5.849","f":3361693216,"l":3361693220,"T":1700053644947,"m":true}
2023-11-15_13-07-25-+0000 {"e":"aggTrade","E":1700053645005,"a":1421457835,"s":"ETHUSDT","p":"2019.24","q":"0.026","f":3361693221,"l":3361693222,"T":1700053644961,"m":true}
2023-11-15_13-07-25-+0000 {"e":"aggTrade","E":1700053645069,"a":1421457836,"s":"ETHUSDT","p":"2019.23","q":"0.316","f":3361693223,"l":3361693224,"T":1700053645003,"m":true}
2023-11-15_13-07-26-+0000 {"e":"aggTrade","E":1700053645220,"a":1421457837,"s":"ETHUSDT","p":"2019.21","q":"0.302","f":3361693225,"l":3361693232,"T":1700053645067,"m":true}
2023-11-15_13-07-26-+0000 {"e":"aggTrade","E":1700053645411,"a":1421457838,"s":"ETHUSDT","p":"2019.20","q":"0.712","f":3361693233,"l":3361693239,"T":1700053645258,"m":true}
2023-11-15_13-07-26-+0000 {"e":"aggTrade","E":1700053645855,"a":1421457839,"s":"ETHUSDT","p":"2019.19","q":"0.238","f":3361693240,"l":3361693240,"T":1700053645702,"m":false}
2023-11-15_13-07-27-+0000 {"e":"aggTrade","E":1700053646181,"a":1421457840,"s":"ETHUSDT","p":"2019.18","q":"5.612","f":3361693241,"l":3361693260,"T":1700053646178,"m":true}
2023-11-15_13-07-27-+0000 {"e":"aggTrade","E":1700053646181,"a":1421457841,"s":"ETHUSDT","p":"2019.16","q":"0.257","f":3361693261,"l":3361693262,"T":1700053646178,"m":true}
2023-11-15_13-07-27-+0000 {"e":"aggTrade","E":1700053646181,"a":1421457842,"s":"ETHUSDT","p":"2019.14","q":"2.621","f":3361693263,"l":3361693264,"T":1700053646178,"m":true}
2023-11-15_13-07-27-+0000 {"e":"aggTrade","E":1700053646181,"a":1421457843,"s":"ETHUSDT","p":"2019.12","q":"0.015","f":3361693265,"l":3361693265,"T":1700053646178,"m":true}
2023-11-15_13-07-27-+0000 {"e":"aggTrade","E":1700053646181,"a":1421457844,"s":"ETHUSDT","p":"2019.11","q":"3.215","f":3361693266,"l":3361693267,"T":1700053646178,"m":true}
2023-11-15_13-07-27-+0000 {"e":"aggTrade","E":1700053646181,"a":1421457845,"s":"ETHUSDT","p":"2019.10","q":"2.095","f":3361693268,"l":3361693271,"T":1700053646178,"m":true}
2023-11-15_13-07-27-+0000 {"e":"aggTrade","E":1700053646181,"a":1421457846,"s":"ETHUSDT","p":"2019.08","q":"0.015","f":3361693272,"l":3361693272,"T":1700053646178,"m":true}
2023-11-15_13-07-27-+0000 {"e":"aggTrade","E":1700053646181,"a":1421457847,"s":"ETHUSDT","p":"2019.06","q":"0.094","f":3361693273,"l":3361693273,"T":1700053646178,"m":true}
2023-11-15_13-07-27-+0000 {"e":"aggTrade","E":1700053646332,"a":1421457848,"s":"ETHUSDT","p":"2019.05","q":"0.076","f":3361693274,"l":3361693274,"T":1700053646178,"m":true}
2023-11-15_13-07-27-+0000 {"e":"aggTrade","E":1700053646677,"a":1421457849,"s":"ETHUSDT","p":"2019.06","q":"0.500","f":3361693275,"l":3361693277,"T":1700053646526,"m":false}
