2023-11-02 10:35:11,138 - ERROR - Exception Occured Expecting value: line 1 column 1 (char 0)
2023-11-02 10:35:11,141 - ERROR - No data available
2023-11-02 10:35:13,196 - ERROR - Exception Occured Expecting value: line 1 column 1 (char 0)
2023-11-02 10:35:13,196 - ERROR - No data available
2023-11-02 10:35:15,234 - ERROR - Exception Occured Expecting value: line 1 column 1 (char 0)
2023-11-02 10:35:15,234 - ERROR - No data available
2023-11-02 10:35:17,283 - ERROR - Exception Occured Expecting value: line 1 column 1 (char 0)
2023-11-02 10:35:17,283 - ERROR - No data available
2023-11-02 10:35:19,338 - ERROR - Exception Occured Expecting value: line 1 column 1 (char 0)
2023-11-02 10:35:19,349 - ERROR - No data available
2023-11-02 10:35:21,411 - ERROR - Exception Occured Expecting value: line 1 column 1 (char 0)
2023-11-02 10:35:21,411 - ERROR - No data available
2023-11-02 10:35:23,472 - ERROR - Exception Occured Expecting value: line 1 column 1 (char 0)
2023-11-02 10:35:23,472 - ERROR - No data available
2023-11-02 10:35:25,516 - ERROR - Exception Occured Expecting value: line 1 column 1 (char 0)
2023-11-02 10:35:25,517 - ERROR - No data available
2023-11-02 10:35:27,567 - ERROR - Exception Occured Expecting value: line 1 column 1 (char 0)
2023-11-02 10:35:27,567 - ERROR - No data available
2023-11-02 10:35:29,604 - ERROR - Exception Occured Expecting value: line 1 column 1 (char 0)
2023-11-02 10:35:29,604 - ERROR - No data available
2023-11-02 10:35:31,646 - ERROR - Exception Occured Expecting value: line 1 column 1 (char 0)
2023-11-02 10:35:31,646 - ERROR - No data available
2023-11-02 10:35:33,696 - ERROR - Exception Occured Expecting value: line 1 column 1 (char 0)
2023-11-02 10:35:33,696 - ERROR - No data available
2023-11-02 10:35:47,066 - ERROR - Exception Occured Expecting value: line 1 column 1 (char 0)
2023-11-02 10:35:47,067 - ERROR - No data available
2023-11-02 10:35:49,132 - ERROR - Exception Occured Expecting value: line 1 column 1 (char 0)
2023-11-02 10:35:49,133 - ERROR - No data available
2023-11-02 10:35:51,192 - ERROR - Exception Occured Expecting value: line 1 column 1 (char 0)
2023-11-02 10:35:51,193 - ERROR - No data available
2023-11-02 10:35:53,250 - ERROR - Exception Occured Expecting value: line 1 column 1 (char 0)
2023-11-02 10:35:53,251 - ERROR - No data available
2023-11-02 10:35:55,294 - ERROR - Exception Occured Expecting value: line 1 column 1 (char 0)
2023-11-02 10:35:55,294 - ERROR - No data available
2023-11-02 10:35:57,345 - ERROR - Exception Occured Expecting value: line 1 column 1 (char 0)
2023-11-02 10:35:57,346 - ERROR - No data available
2023-11-02 10:35:59,393 - ERROR - Exception Occured Expecting value: line 1 column 1 (char 0)
2023-11-02 10:35:59,394 - ERROR - No data available
2023-11-02 10:36:01,450 - ERROR - Exception Occured Expecting value: line 1 column 1 (char 0)
2023-11-02 10:36:01,451 - ERROR - No data available
2023-11-02 12:14:07,631 - INFO - {'e': 'aggTrade', 'E': 1698907445732, 's': 'BTCUSDT', 'a': 2745147103, 'p': '35184.21000000', 'q': '2.36000000', 'f': 3265673231, 'l': 3265673244, 'T': 1698907445731, 'm': True, 'M': True}
2023-11-02 12:14:07,646 - INFO - {'e': 'aggTrade', 'E': 1698907445732, 's': 'BTCUSDT', 'a': 2745147103, 'p': '35184.21000000', 'q': '2.36000000', 'f': 3265673231, 'l': 3265673244, 'T': 1698907445731, 'm': True, 'M': True}
2023-11-02 12:14:09,690 - INFO - {'e': 'aggTrade', 'E': 1698907447682, 's': 'BTCUSDT', 'a': 2745147118, 'p': '35184.21000000', 'q': '0.00042000', 'f': 3265673259, 'l': 3265673259, 'T': 1698907447681, 'm': True, 'M': True}
2023-11-02 12:14:09,706 - INFO - {'e': 'aggTrade', 'E': 1698907447682, 's': 'BTCUSDT', 'a': 2745147118, 'p': '35184.21000000', 'q': '0.00042000', 'f': 3265673259, 'l': 3265673259, 'T': 1698907447681, 'm': True, 'M': True}
2023-11-02 12:14:11,759 - INFO - {'e': 'aggTrade', 'E': 1698907448922, 's': 'BTCUSDT', 'a': 2745147124, 'p': '35184.22000000', 'q': '0.00171000', 'f': 3265673265, 'l': 3265673265, 'T': 1698907448922, 'm': False, 'M': True}
2023-11-02 12:14:11,759 - INFO - {'e': 'aggTrade', 'E': 1698907448922, 's': 'BTCUSDT', 'a': 2745147124, 'p': '35184.22000000', 'q': '0.00171000', 'f': 3265673265, 'l': 3265673265, 'T': 1698907448922, 'm': False, 'M': True}
2023-11-02 12:14:13,819 - INFO - {'e': 'aggTrade', 'E': 1698907451607, 's': 'BTCUSDT', 'a': 2745147137, 'p': '35184.21000000', 'q': '0.00074000', 'f': 3265673279, 'l': 3265673279, 'T': 1698907451606, 'm': True, 'M': True}
2023-11-02 12:14:13,819 - INFO - {'e': 'aggTrade', 'E': 1698907451607, 's': 'BTCUSDT', 'a': 2745147137, 'p': '35184.21000000', 'q': '0.00074000', 'f': 3265673279, 'l': 3265673279, 'T': 1698907451606, 'm': True, 'M': True}
2023-11-02 12:14:15,890 - INFO - {'e': 'aggTrade', 'E': 1698907454796, 's': 'BTCUSDT', 'a': 2745147188, 'p': '35179.99000000', 'q': '0.00285000', 'f': 3265673343, 'l': 3265673343, 'T': 1698907454795, 'm': False, 'M': True}
2023-11-02 12:14:15,894 - INFO - {'e': 'aggTrade', 'E': 1698907454796, 's': 'BTCUSDT', 'a': 2745147188, 'p': '35179.99000000', 'q': '0.00285000', 'f': 3265673343, 'l': 3265673343, 'T': 1698907454795, 'm': False, 'M': True}
2023-11-02 12:14:17,968 - INFO - {'e': 'aggTrade', 'E': 1698907455194, 's': 'BTCUSDT', 'a': 2745147189, 'p': '35179.99000000', 'q': '0.00252000', 'f': 3265673344, 'l': 3265673344, 'T': 1698907455194, 'm': False, 'M': True}
2023-11-02 12:14:17,981 - INFO - {'e': 'aggTrade', 'E': 1698907455194, 's': 'BTCUSDT', 'a': 2745147189, 'p': '35179.99000000', 'q': '0.00252000', 'f': 3265673344, 'l': 3265673344, 'T': 1698907455194, 'm': False, 'M': True}
2023-11-02 12:14:20,049 - INFO - {'e': 'aggTrade', 'E': 1698907456659, 's': 'BTCUSDT', 'a': 2745147199, 'p': '35179.99000000', 'q': '0.04036000', 'f': 3265673354, 'l': 3265673354, 'T': 1698907456659, 'm': False, 'M': True}
2023-11-02 12:14:20,049 - INFO - {'e': 'aggTrade', 'E': 1698907456659, 's': 'BTCUSDT', 'a': 2745147199, 'p': '35179.99000000', 'q': '0.04036000', 'f': 3265673354, 'l': 3265673354, 'T': 1698907456659, 'm': False, 'M': True}
2023-11-02 12:14:22,140 - INFO - {'e': 'aggTrade', 'E': 1698907457771, 's': 'BTCUSDT', 'a': 2745147204, 'p': '35179.99000000', 'q': '0.00341000', 'f': 3265673360, 'l': 3265673360, 'T': 1698907457770, 'm': False, 'M': True}
2023-11-02 12:14:22,145 - INFO - {'e': 'aggTrade', 'E': 1698907457771, 's': 'BTCUSDT', 'a': 2745147204, 'p': '35179.99000000', 'q': '0.00341000', 'f': 3265673360, 'l': 3265673360, 'T': 1698907457770, 'm': False, 'M': True}
2023-11-02 12:14:24,205 - INFO - {'e': 'aggTrade', 'E': 1698907458720, 's': 'BTCUSDT', 'a': 2745147206, 'p': '35179.99000000', 'q': '0.04076000', 'f': 3265673362, 'l': 3265673362, 'T': 1698907458720, 'm': False, 'M': True}
2023-11-02 12:14:24,208 - INFO - {'e': 'aggTrade', 'E': 1698907458720, 's': 'BTCUSDT', 'a': 2745147206, 'p': '35179.99000000', 'q': '0.04076000', 'f': 3265673362, 'l': 3265673362, 'T': 1698907458720, 'm': False, 'M': True}
2023-11-02 12:14:26,258 - INFO - {'e': 'aggTrade', 'E': 1698907464034, 's': 'BTCUSDT', 'a': 2745147223, 'p': '35179.19000000', 'q': '0.00191000', 'f': 3265673390, 'l': 3265673390, 'T': 1698907464033, 'm': True, 'M': True}
2023-11-02 12:14:26,258 - INFO - {'e': 'aggTrade', 'E': 1698907464034, 's': 'BTCUSDT', 'a': 2745147223, 'p': '35179.19000000', 'q': '0.00191000', 'f': 3265673390, 'l': 3265673390, 'T': 1698907464033, 'm': True, 'M': True}
2023-11-02 12:14:28,319 - INFO - {'e': 'aggTrade', 'E': 1698907465303, 's': 'BTCUSDT', 'a': 2745147229, 'p': '35179.19000000', 'q': '0.00293000', 'f': 3265673397, 'l': 3265673397, 'T': 1698907465303, 'm': True, 'M': True}
2023-11-02 12:14:28,322 - INFO - {'e': 'aggTrade', 'E': 1698907465303, 's': 'BTCUSDT', 'a': 2745147229, 'p': '35179.19000000', 'q': '0.00293000', 'f': 3265673397, 'l': 3265673397, 'T': 1698907465303, 'm': True, 'M': True}
2023-11-02 12:14:30,393 - INFO - {'e': 'aggTrade', 'E': 1698907465303, 's': 'BTCUSDT', 'a': 2745147229, 'p': '35179.19000000', 'q': '0.00293000', 'f': 3265673397, 'l': 3265673397, 'T': 1698907465303, 'm': True, 'M': True}
2023-11-02 12:14:30,393 - INFO - {'e': 'aggTrade', 'E': 1698907465303, 's': 'BTCUSDT', 'a': 2745147229, 'p': '35179.19000000', 'q': '0.00293000', 'f': 3265673397, 'l': 3265673397, 'T': 1698907465303, 'm': True, 'M': True}
2023-11-02 12:14:32,442 - INFO - {'e': 'aggTrade', 'E': 1698907465303, 's': 'BTCUSDT', 'a': 2745147229, 'p': '35179.19000000', 'q': '0.00293000', 'f': 3265673397, 'l': 3265673397, 'T': 1698907465303, 'm': True, 'M': True}
2023-11-02 12:14:32,457 - INFO - {'e': 'aggTrade', 'E': 1698907465303, 's': 'BTCUSDT', 'a': 2745147229, 'p': '35179.19000000', 'q': '0.00293000', 'f': 3265673397, 'l': 3265673397, 'T': 1698907465303, 'm': True, 'M': True}
2023-11-02 12:14:34,531 - INFO - {'e': 'aggTrade', 'E': 1698907465303, 's': 'BTCUSDT', 'a': 2745147229, 'p': '35179.19000000', 'q': '0.00293000', 'f': 3265673397, 'l': 3265673397, 'T': 1698907465303, 'm': True, 'M': True}
2023-11-02 12:14:34,538 - INFO - {'e': 'aggTrade', 'E': 1698907465303, 's': 'BTCUSDT', 'a': 2745147229, 'p': '35179.19000000', 'q': '0.00293000', 'f': 3265673397, 'l': 3265673397, 'T': 1698907465303, 'm': True, 'M': True}
2023-11-02 12:14:36,578 - INFO - {'e': 'aggTrade', 'E': 1698907465303, 's': 'BTCUSDT', 'a': 2745147229, 'p': '35179.19000000', 'q': '0.00293000', 'f': 3265673397, 'l': 3265673397, 'T': 1698907465303, 'm': True, 'M': True}
2023-11-02 12:14:36,593 - INFO - {'e': 'aggTrade', 'E': 1698907465303, 's': 'BTCUSDT', 'a': 2745147229, 'p': '35179.19000000', 'q': '0.00293000', 'f': 3265673397, 'l': 3265673397, 'T': 1698907465303, 'm': True, 'M': True}
2023-11-02 12:14:38,634 - INFO - {'e': 'aggTrade', 'E': 1698907465303, 's': 'BTCUSDT', 'a': 2745147229, 'p': '35179.19000000', 'q': '0.00293000', 'f': 3265673397, 'l': 3265673397, 'T': 1698907465303, 'm': True, 'M': True}
2023-11-02 12:14:38,634 - INFO - {'e': 'aggTrade', 'E': 1698907465303, 's': 'BTCUSDT', 'a': 2745147229, 'p': '35179.19000000', 'q': '0.00293000', 'f': 3265673397, 'l': 3265673397, 'T': 1698907465303, 'm': True, 'M': True}
2023-11-02 12:14:40,705 - INFO - {'e': 'aggTrade', 'E': 1698907465303, 's': 'BTCUSDT', 'a': 2745147229, 'p': '35179.19000000', 'q': '0.00293000', 'f': 3265673397, 'l': 3265673397, 'T': 1698907465303, 'm': True, 'M': True}
2023-11-02 12:14:40,705 - INFO - {'e': 'aggTrade', 'E': 1698907465303, 's': 'BTCUSDT', 'a': 2745147229, 'p': '35179.19000000', 'q': '0.00293000', 'f': 3265673397, 'l': 3265673397, 'T': 1698907465303, 'm': True, 'M': True}
2023-11-02 12:14:42,757 - INFO - {'e': 'aggTrade', 'E': 1698907465303, 's': 'BTCUSDT', 'a': 2745147229, 'p': '35179.19000000', 'q': '0.00293000', 'f': 3265673397, 'l': 3265673397, 'T': 1698907465303, 'm': True, 'M': True}
2023-11-02 12:14:42,772 - INFO - {'e': 'aggTrade', 'E': 1698907465303, 's': 'BTCUSDT', 'a': 2745147229, 'p': '35179.19000000', 'q': '0.00293000', 'f': 3265673397, 'l': 3265673397, 'T': 1698907465303, 'm': True, 'M': True}
2023-11-02 12:14:44,823 - INFO - {'e': 'aggTrade', 'E': 1698907466522, 's': 'BTCUSDT', 'a': 2745147233, 'p': '35179.19000000', 'q': '0.00106000', 'f': 3265673401, 'l': 3265673401, 'T': 1698907466522, 'm': True, 'M': True}
2023-11-02 12:14:44,829 - INFO - {'e': 'aggTrade', 'E': 1698907466522, 's': 'BTCUSDT', 'a': 2745147233, 'p': '35179.19000000', 'q': '0.00106000', 'f': 3265673401, 'l': 3265673401, 'T': 1698907466522, 'm': True, 'M': True}
2023-11-02 12:14:46,887 - INFO - {'e': 'aggTrade', 'E': 1698907483179, 's': 'BTCUSDT', 'a': 2745147307, 'p': '35176.45000000', 'q': '0.00070000', 'f': 3265673502, 'l': 3265673502, 'T': 1698907483178, 'm': True, 'M': True}
2023-11-02 12:14:46,892 - INFO - {'e': 'aggTrade', 'E': 1698907483179, 's': 'BTCUSDT', 'a': 2745147307, 'p': '35176.45000000', 'q': '0.00070000', 'f': 3265673502, 'l': 3265673502, 'T': 1698907483178, 'm': True, 'M': True}
2023-11-02 12:14:48,961 - INFO - {'e': 'aggTrade', 'E': 1698907483179, 's': 'BTCUSDT', 'a': 2745147307, 'p': '35176.45000000', 'q': '0.00070000', 'f': 3265673502, 'l': 3265673502, 'T': 1698907483178, 'm': True, 'M': True}
2023-11-02 12:14:48,963 - INFO - {'e': 'aggTrade', 'E': 1698907483179, 's': 'BTCUSDT', 'a': 2745147307, 'p': '35176.45000000', 'q': '0.00070000', 'f': 3265673502, 'l': 3265673502, 'T': 1698907483178, 'm': True, 'M': True}
2023-11-02 12:14:51,036 - INFO - {'e': 'aggTrade', 'E': 1698907483179, 's': 'BTCUSDT', 'a': 2745147307, 'p': '35176.45000000', 'q': '0.00070000', 'f': 3265673502, 'l': 3265673502, 'T': 1698907483178, 'm': True, 'M': True}
2023-11-02 12:14:51,041 - INFO - {'e': 'aggTrade', 'E': 1698907483179, 's': 'BTCUSDT', 'a': 2745147307, 'p': '35176.45000000', 'q': '0.00070000', 'f': 3265673502, 'l': 3265673502, 'T': 1698907483178, 'm': True, 'M': True}
2023-11-02 12:14:53,102 - INFO - {'e': 'aggTrade', 'E': 1698907488753, 's': 'BTCUSDT', 'a': 2745147379, 'p': '35172.99000000', 'q': '0.02843000', 'f': 3265673598, 'l': 3265673598, 'T': 1698907488752, 'm': True, 'M': True}
2023-11-02 12:14:53,102 - INFO - {'e': 'aggTrade', 'E': 1698907488753, 's': 'BTCUSDT', 'a': 2745147379, 'p': '35172.99000000', 'q': '0.02843000', 'f': 3265673598, 'l': 3265673598, 'T': 1698907488752, 'm': True, 'M': True}
2023-11-02 12:14:55,165 - INFO - {'e': 'aggTrade', 'E': 1698907494203, 's': 'BTCUSDT', 'a': 2745147453, 'p': '35178.88000000', 'q': '0.00229000', 'f': 3265673719, 'l': 3265673719, 'T': 1698907494202, 'm': False, 'M': True}
2023-11-02 12:14:55,165 - INFO - {'e': 'aggTrade', 'E': 1698907494203, 's': 'BTCUSDT', 'a': 2745147453, 'p': '35178.88000000', 'q': '0.00229000', 'f': 3265673719, 'l': 3265673719, 'T': 1698907494202, 'm': False, 'M': True}
2023-11-02 12:14:57,215 - INFO - {'e': 'aggTrade', 'E': 1698907496056, 's': 'BTCUSDT', 'a': 2745147468, 'p': '35178.87000000', 'q': '0.00537000', 'f': 3265673747, 'l': 3265673747, 'T': 1698907496056, 'm': True, 'M': True}
2023-11-02 12:14:57,215 - INFO - {'e': 'aggTrade', 'E': 1698907496056, 's': 'BTCUSDT', 'a': 2745147468, 'p': '35178.87000000', 'q': '0.00537000', 'f': 3265673747, 'l': 3265673747, 'T': 1698907496056, 'm': True, 'M': True}
2023-11-02 12:14:59,269 - INFO - {'e': 'aggTrade', 'E': 1698907497817, 's': 'BTCUSDT', 'a': 2745147481, 'p': '35178.87000000', 'q': '0.27179000', 'f': 3265673780, 'l': 3265673786, 'T': 1698907497816, 'm': True, 'M': True}
2023-11-02 12:14:59,269 - INFO - {'e': 'aggTrade', 'E': 1698907497817, 's': 'BTCUSDT', 'a': 2745147481, 'p': '35178.87000000', 'q': '0.27179000', 'f': 3265673780, 'l': 3265673786, 'T': 1698907497816, 'm': True, 'M': True}
2023-11-02 12:15:01,470 - INFO - {'e': 'aggTrade', 'E': 1698907500017, 's': 'BTCUSDT', 'a': 2745147542, 'p': '35178.30000000', 'q': '0.00073000', 'f': 3265673848, 'l': 3265673848, 'T': 1698907500016, 'm': False, 'M': True}
2023-11-02 12:15:01,485 - INFO - {'e': 'aggTrade', 'E': 1698907500017, 's': 'BTCUSDT', 'a': 2745147542, 'p': '35178.30000000', 'q': '0.00073000', 'f': 3265673848, 'l': 3265673848, 'T': 1698907500016, 'm': False, 'M': True}
2023-11-02 12:15:03,809 - INFO - {'e': 'aggTrade', 'E': 1698907502595, 's': 'BTCUSDT', 'a': 2745147622, 'p': '35183.49000000', 'q': '0.00600000', 'f': 3265673967, 'l': 3265673967, 'T': 1698907502595, 'm': False, 'M': True}
2023-11-02 12:15:03,816 - INFO - {'e': 'aggTrade', 'E': 1698907502595, 's': 'BTCUSDT', 'a': 2745147622, 'p': '35183.49000000', 'q': '0.00600000', 'f': 3265673967, 'l': 3265673967, 'T': 1698907502595, 'm': False, 'M': True}
2023-11-02 12:15:06,167 - INFO - {'e': 'aggTrade', 'E': 1698907504288, 's': 'BTCUSDT', 'a': 2745147649, 'p': '35183.48000000', 'q': '1.10151000', 'f': 3265673994, 'l': 3265673996, 'T': 1698907504287, 'm': True, 'M': True}
2023-11-02 12:15:06,182 - INFO - {'e': 'aggTrade', 'E': 1698907504288, 's': 'BTCUSDT', 'a': 2745147649, 'p': '35183.48000000', 'q': '1.10151000', 'f': 3265673994, 'l': 3265673996, 'T': 1698907504287, 'm': True, 'M': True}
2023-11-02 12:15:08,691 - INFO - {'e': 'aggTrade', 'E': 1698907507533, 's': 'BTCUSDT', 'a': 2745147661, 'p': '35182.32000000', 'q': '0.00042000', 'f': 3265674026, 'l': 3265674026, 'T': 1698907507533, 'm': True, 'M': True}
2023-11-02 12:15:08,694 - INFO - {'e': 'aggTrade', 'E': 1698907507533, 's': 'BTCUSDT', 'a': 2745147661, 'p': '35182.32000000', 'q': '0.00042000', 'f': 3265674026, 'l': 3265674026, 'T': 1698907507533, 'm': True, 'M': True}
2023-11-02 12:15:10,949 - INFO - {'e': 'aggTrade', 'E': 1698907508185, 's': 'BTCUSDT', 'a': 2745147681, 'p': '35178.30000000', 'q': '0.05684000', 'f': 3265674055, 'l': 3265674055, 'T': 1698907508184, 'm': False, 'M': True}
2023-11-02 12:15:10,949 - INFO - {'e': 'aggTrade', 'E': 1698907508185, 's': 'BTCUSDT', 'a': 2745147681, 'p': '35178.30000000', 'q': '0.05684000', 'f': 3265674055, 'l': 3265674055, 'T': 1698907508184, 'm': False, 'M': True}
2023-11-02 12:15:13,256 - INFO - {'e': 'aggTrade', 'E': 1698907509161, 's': 'BTCUSDT', 'a': 2745147685, 'p': '35178.29000000', 'q': '0.33500000', 'f': 3265674059, 'l': 3265674063, 'T': 1698907509160, 'm': True, 'M': True}
2023-11-02 12:15:13,260 - INFO - {'e': 'aggTrade', 'E': 1698907509161, 's': 'BTCUSDT', 'a': 2745147685, 'p': '35178.29000000', 'q': '0.33500000', 'f': 3265674059, 'l': 3265674063, 'T': 1698907509160, 'm': True, 'M': True}
2023-11-02 12:15:15,563 - INFO - {'e': 'aggTrade', 'E': 1698907513579, 's': 'BTCUSDT', 'a': 2745147718, 'p': '35175.89000000', 'q': '0.00031000', 'f': 3265674100, 'l': 3265674100, 'T': 1698907513578, 'm': True, 'M': True}
2023-11-02 12:15:15,571 - INFO - {'e': 'aggTrade', 'E': 1698907513579, 's': 'BTCUSDT', 'a': 2745147718, 'p': '35175.89000000', 'q': '0.00031000', 'f': 3265674100, 'l': 3265674100, 'T': 1698907513578, 'm': True, 'M': True}
2023-11-02 12:15:18,165 - INFO - {'e': 'aggTrade', 'E': 1698907515174, 's': 'BTCUSDT', 'a': 2745147723, 'p': '35175.90000000', 'q': '0.00020000', 'f': 3265674105, 'l': 3265674105, 'T': 1698907515173, 'm': False, 'M': True}
2023-11-02 12:15:18,181 - INFO - {'e': 'aggTrade', 'E': 1698907515174, 's': 'BTCUSDT', 'a': 2745147723, 'p': '35175.90000000', 'q': '0.00020000', 'f': 3265674105, 'l': 3265674105, 'T': 1698907515173, 'm': False, 'M': True}
2023-11-02 12:15:20,447 - INFO - {'e': 'aggTrade', 'E': 1698907519221, 's': 'BTCUSDT', 'a': 2745147741, 'p': '35175.90000000', 'q': '0.00718000', 'f': 3265674123, 'l': 3265674123, 'T': 1698907519221, 'm': False, 'M': True}
2023-11-02 12:15:20,463 - INFO - {'e': 'aggTrade', 'E': 1698907519221, 's': 'BTCUSDT', 'a': 2745147741, 'p': '35175.90000000', 'q': '0.00718000', 'f': 3265674123, 'l': 3265674123, 'T': 1698907519221, 'm': False, 'M': True}
2023-11-02 12:15:22,880 - INFO - {'e': 'aggTrade', 'E': 1698907520246, 's': 'BTCUSDT', 'a': 2745147745, 'p': '35175.90000000', 'q': '0.00028000', 'f': 3265674127, 'l': 3265674127, 'T': 1698907520246, 'm': False, 'M': True}
2023-11-02 12:15:22,880 - INFO - {'e': 'aggTrade', 'E': 1698907520246, 's': 'BTCUSDT', 'a': 2745147745, 'p': '35175.90000000', 'q': '0.00028000', 'f': 3265674127, 'l': 3265674127, 'T': 1698907520246, 'm': False, 'M': True}
2023-11-02 12:15:25,063 - INFO - {'e': 'aggTrade', 'E': 1698907523224, 's': 'BTCUSDT', 'a': 2745147753, 'p': '35175.90000000', 'q': '0.00398000', 'f': 3265674136, 'l': 3265674136, 'T': 1698907523223, 'm': False, 'M': True}
2023-11-02 12:15:25,063 - INFO - {'e': 'aggTrade', 'E': 1698907523224, 's': 'BTCUSDT', 'a': 2745147753, 'p': '35175.90000000', 'q': '0.00398000', 'f': 3265674136, 'l': 3265674136, 'T': 1698907523223, 'm': False, 'M': True}
2023-11-02 12:15:27,447 - INFO - {'e': 'aggTrade', 'E': 1698907526460, 's': 'BTCUSDT', 'a': 2745147765, 'p': '35175.90000000', 'q': '0.00115000', 'f': 3265674148, 'l': 3265674148, 'T': 1698907526460, 'm': False, 'M': True}
2023-11-02 12:15:27,447 - INFO - {'e': 'aggTrade', 'E': 1698907526460, 's': 'BTCUSDT', 'a': 2745147765, 'p': '35175.90000000', 'q': '0.00115000', 'f': 3265674148, 'l': 3265674148, 'T': 1698907526460, 'm': False, 'M': True}
2023-11-02 12:15:29,849 - INFO - {'e': 'aggTrade', 'E': 1698907527928, 's': 'BTCUSDT', 'a': 2745147769, 'p': '35175.90000000', 'q': '0.00198000', 'f': 3265674152, 'l': 3265674152, 'T': 1698907527927, 'm': False, 'M': True}
2023-11-02 12:15:29,849 - INFO - {'e': 'aggTrade', 'E': 1698907527928, 's': 'BTCUSDT', 'a': 2745147769, 'p': '35175.90000000', 'q': '0.00198000', 'f': 3265674152, 'l': 3265674152, 'T': 1698907527927, 'm': False, 'M': True}
2023-11-02 12:15:32,254 - INFO - {'e': 'aggTrade', 'E': 1698907530072, 's': 'BTCUSDT', 'a': 2745147783, 'p': '35178.21000000', 'q': '0.00201000', 'f': 3265674177, 'l': 3265674177, 'T': 1698907530071, 'm': False, 'M': True}
2023-11-02 12:15:32,254 - INFO - {'e': 'aggTrade', 'E': 1698907530072, 's': 'BTCUSDT', 'a': 2745147783, 'p': '35178.21000000', 'q': '0.00201000', 'f': 3265674177, 'l': 3265674177, 'T': 1698907530071, 'm': False, 'M': True}
2023-11-02 12:15:34,646 - INFO - {'e': 'aggTrade', 'E': 1698907531495, 's': 'BTCUSDT', 'a': 2745147793, 'p': '35179.09000000', 'q': '0.00070000', 'f': 3265674192, 'l': 3265674192, 'T': 1698907531494, 'm': False, 'M': True}
2023-11-02 12:15:34,663 - INFO - {'e': 'aggTrade', 'E': 1698907531495, 's': 'BTCUSDT', 'a': 2745147793, 'p': '35179.09000000', 'q': '0.00070000', 'f': 3265674192, 'l': 3265674192, 'T': 1698907531494, 'm': False, 'M': True}
2023-11-02 12:15:37,047 - INFO - {'e': 'aggTrade', 'E': 1698907536069, 's': 'BTCUSDT', 'a': 2745147936, 'p': '35194.63000000', 'q': '0.00105000', 'f': 3265674369, 'l': 3265674370, 'T': 1698907536069, 'm': True, 'M': True}
2023-11-02 12:15:37,047 - INFO - {'e': 'aggTrade', 'E': 1698907536069, 's': 'BTCUSDT', 'a': 2745147936, 'p': '35194.63000000', 'q': '0.00105000', 'f': 3265674369, 'l': 3265674370, 'T': 1698907536069, 'm': True, 'M': True}
2023-11-02 12:15:39,468 - INFO - {'e': 'aggTrade', 'E': 1698907538265, 's': 'BTCUSDT', 'a': 2745147950, 'p': '35194.63000000', 'q': '0.00117000', 'f': 3265674386, 'l': 3265674386, 'T': 1698907538265, 'm': True, 'M': True}
2023-11-02 12:15:39,468 - INFO - {'e': 'aggTrade', 'E': 1698907538265, 's': 'BTCUSDT', 'a': 2745147950, 'p': '35194.63000000', 'q': '0.00117000', 'f': 3265674386, 'l': 3265674386, 'T': 1698907538265, 'm': True, 'M': True}
2023-11-02 12:15:41,677 - INFO - {'e': 'aggTrade', 'E': 1698907540708, 's': 'BTCUSDT', 'a': 2745147958, 'p': '35194.63000000', 'q': '0.00368000', 'f': 3265674394, 'l': 3265674394, 'T': 1698907540707, 'm': True, 'M': True}
2023-11-02 12:15:41,677 - INFO - {'e': 'aggTrade', 'E': 1698907540708, 's': 'BTCUSDT', 'a': 2745147958, 'p': '35194.63000000', 'q': '0.00368000', 'f': 3265674394, 'l': 3265674394, 'T': 1698907540707, 'm': True, 'M': True}
2023-11-02 12:15:43,717 - INFO - {'e': 'aggTrade', 'E': 1698907542624, 's': 'BTCUSDT', 'a': 2745147999, 'p': '35200.00000000', 'q': '0.00060000', 'f': 3265674455, 'l': 3265674455, 'T': 1698907542623, 'm': False, 'M': True}
2023-11-02 12:15:43,733 - INFO - {'e': 'aggTrade', 'E': 1698907542624, 's': 'BTCUSDT', 'a': 2745147999, 'p': '35200.00000000', 'q': '0.00060000', 'f': 3265674455, 'l': 3265674455, 'T': 1698907542623, 'm': False, 'M': True}
2023-11-02 12:15:45,771 - INFO - {'e': 'aggTrade', 'E': 1698907543706, 's': 'BTCUSDT', 'a': 2745148003, 'p': '35200.00000000', 'q': '0.00146000', 'f': 3265674459, 'l': 3265674459, 'T': 1698907543706, 'm': False, 'M': True}
2023-11-02 12:15:45,781 - INFO - {'e': 'aggTrade', 'E': 1698907543706, 's': 'BTCUSDT', 'a': 2745148003, 'p': '35200.00000000', 'q': '0.00146000', 'f': 3265674459, 'l': 3265674459, 'T': 1698907543706, 'm': False, 'M': True}
2023-11-02 12:15:47,857 - INFO - {'e': 'aggTrade', 'E': 1698907546625, 's': 'BTCUSDT', 'a': 2745148017, 'p': '35200.00000000', 'q': '0.03726000', 'f': 3265674475, 'l': 3265674475, 'T': 1698907546625, 'm': False, 'M': True}
2023-11-02 12:15:47,857 - INFO - {'e': 'aggTrade', 'E': 1698907546625, 's': 'BTCUSDT', 'a': 2745148017, 'p': '35200.00000000', 'q': '0.03726000', 'f': 3265674475, 'l': 3265674475, 'T': 1698907546625, 'm': False, 'M': True}
2023-11-02 12:15:49,912 - INFO - {'e': 'aggTrade', 'E': 1698907548840, 's': 'BTCUSDT', 'a': 2745148025, 'p': '35199.99000000', 'q': '0.22922000', 'f': 3265674492, 'l': 3265674495, 'T': 1698907548840, 'm': True, 'M': True}
2023-11-02 12:15:49,928 - INFO - {'e': 'aggTrade', 'E': 1698907548840, 's': 'BTCUSDT', 'a': 2745148025, 'p': '35199.99000000', 'q': '0.22922000', 'f': 3265674492, 'l': 3265674495, 'T': 1698907548840, 'm': True, 'M': True}
2023-11-02 12:15:51,994 - INFO - {'e': 'aggTrade', 'E': 1698907550705, 's': 'BTCUSDT', 'a': 2745148044, 'p': '35202.33000000', 'q': '0.10424000', 'f': 3265674519, 'l': 3265674519, 'T': 1698907550704, 'm': False, 'M': True}
2023-11-02 12:15:51,998 - INFO - {'e': 'aggTrade', 'E': 1698907550705, 's': 'BTCUSDT', 'a': 2745148044, 'p': '35202.33000000', 'q': '0.10424000', 'f': 3265674519, 'l': 3265674519, 'T': 1698907550704, 'm': False, 'M': True}
2023-11-02 12:15:54,022 - INFO - {'e': 'aggTrade', 'E': 1698907551928, 's': 'BTCUSDT', 'a': 2745148047, 'p': '35202.33000000', 'q': '0.11566000', 'f': 3265674523, 'l': 3265674523, 'T': 1698907551928, 'm': False, 'M': True}
2023-11-02 12:15:54,022 - INFO - {'e': 'aggTrade', 'E': 1698907551928, 's': 'BTCUSDT', 'a': 2745148047, 'p': '35202.33000000', 'q': '0.11566000', 'f': 3265674523, 'l': 3265674523, 'T': 1698907551928, 'm': False, 'M': True}
2023-11-02 12:15:56,102 - INFO - {'e': 'aggTrade', 'E': 1698907553811, 's': 'BTCUSDT', 'a': 2745148056, 'p': '35202.32000000', 'q': '0.00092000', 'f': 3265674536, 'l': 3265674536, 'T': 1698907553811, 'm': True, 'M': True}
2023-11-02 12:15:56,108 - INFO - {'e': 'aggTrade', 'E': 1698907553811, 's': 'BTCUSDT', 'a': 2745148056, 'p': '35202.32000000', 'q': '0.00092000', 'f': 3265674536, 'l': 3265674536, 'T': 1698907553811, 'm': True, 'M': True}
2023-11-02 12:15:58,179 - INFO - {'e': 'aggTrade', 'E': 1698907555869, 's': 'BTCUSDT', 'a': 2745148058, 'p': '35202.32000000', 'q': '0.01624000', 'f': 3265674538, 'l': 3265674538, 'T': 1698907555868, 'm': True, 'M': True}
2023-11-02 12:15:58,179 - INFO - {'e': 'aggTrade', 'E': 1698907555869, 's': 'BTCUSDT', 'a': 2745148058, 'p': '35202.32000000', 'q': '0.01624000', 'f': 3265674538, 'l': 3265674538, 'T': 1698907555868, 'm': True, 'M': True}
2023-11-02 12:16:00,249 - INFO - {'e': 'aggTrade', 'E': 1698907558259, 's': 'BTCUSDT', 'a': 2745148067, 'p': '35202.54000000', 'q': '0.00338000', 'f': 3265674551, 'l': 3265674551, 'T': 1698907558259, 'm': True, 'M': True}
2023-11-02 12:16:00,249 - INFO - {'e': 'aggTrade', 'E': 1698907558259, 's': 'BTCUSDT', 'a': 2745148067, 'p': '35202.54000000', 'q': '0.00338000', 'f': 3265674551, 'l': 3265674551, 'T': 1698907558259, 'm': True, 'M': True}
2023-11-02 12:16:02,289 - INFO - {'e': 'aggTrade', 'E': 1698907559997, 's': 'BTCUSDT', 'a': 2745148112, 'p': '35204.61000000', 'q': '0.00191000', 'f': 3265674600, 'l': 3265674600, 'T': 1698907559996, 'm': False, 'M': True}
2023-11-02 12:16:02,289 - INFO - {'e': 'aggTrade', 'E': 1698907559997, 's': 'BTCUSDT', 'a': 2745148112, 'p': '35204.61000000', 'q': '0.00191000', 'f': 3265674600, 'l': 3265674600, 'T': 1698907559996, 'm': False, 'M': True}
2023-11-02 12:16:04,375 - INFO - {'e': 'aggTrade', 'E': 1698907563370, 's': 'BTCUSDT', 'a': 2745148208, 'p': '35197.43000000', 'q': '0.28394000', 'f': 3265674736, 'l': 3265674736, 'T': 1698907563369, 'm': True, 'M': True}
2023-11-02 12:16:04,375 - INFO - {'e': 'aggTrade', 'E': 1698907563370, 's': 'BTCUSDT', 'a': 2745148208, 'p': '35197.43000000', 'q': '0.28394000', 'f': 3265674736, 'l': 3265674736, 'T': 1698907563369, 'm': True, 'M': True}
2023-11-02 12:16:06,430 - INFO - {'e': 'aggTrade', 'E': 1698907564254, 's': 'BTCUSDT', 'a': 2745148229, 'p': '35194.48000000', 'q': '0.00232000', 'f': 3265674760, 'l': 3265674760, 'T': 1698907564253, 'm': True, 'M': True}
2023-11-02 12:16:06,430 - INFO - {'e': 'aggTrade', 'E': 1698907564254, 's': 'BTCUSDT', 'a': 2745148229, 'p': '35194.48000000', 'q': '0.00232000', 'f': 3265674760, 'l': 3265674760, 'T': 1698907564253, 'm': True, 'M': True}
2023-11-02 12:16:08,469 - INFO - {'e': 'aggTrade', 'E': 1698907564557, 's': 'BTCUSDT', 'a': 2745148254, 'p': '35189.65000000', 'q': '0.00070000', 'f': 3265674790, 'l': 3265674790, 'T': 1698907564555, 'm': True, 'M': True}
2023-11-02 12:16:08,485 - INFO - {'e': 'aggTrade', 'E': 1698907564557, 's': 'BTCUSDT', 'a': 2745148254, 'p': '35189.65000000', 'q': '0.00070000', 'f': 3265674790, 'l': 3265674790, 'T': 1698907564555, 'm': True, 'M': True}
2023-11-02 12:16:10,529 - INFO - {'e': 'aggTrade', 'E': 1698907564700, 's': 'BTCUSDT', 'a': 2745148269, 'p': '35187.94000000', 'q': '0.00086000', 'f': 3265674806, 'l': 3265674806, 'T': 1698907564698, 'm': True, 'M': True}
2023-11-02 12:16:10,529 - INFO - {'e': 'aggTrade', 'E': 1698907564700, 's': 'BTCUSDT', 'a': 2745148269, 'p': '35187.94000000', 'q': '0.00086000', 'f': 3265674806, 'l': 3265674806, 'T': 1698907564698, 'm': True, 'M': True}
2023-11-02 12:16:12,581 - INFO - {'e': 'aggTrade', 'E': 1698907564700, 's': 'BTCUSDT', 'a': 2745148272, 'p': '35187.45000000', 'q': '0.00070000', 'f': 3265674810, 'l': 3265674810, 'T': 1698907564698, 'm': True, 'M': True}
2023-11-02 12:16:12,596 - INFO - {'e': 'aggTrade', 'E': 1698907564700, 's': 'BTCUSDT', 'a': 2745148272, 'p': '35187.45000000', 'q': '0.00070000', 'f': 3265674810, 'l': 3265674810, 'T': 1698907564698, 'm': True, 'M': True}
2023-11-02 12:16:14,651 - INFO - {'e': 'aggTrade', 'E': 1698907564728, 's': 'BTCUSDT', 'a': 2745148279, 'p': '35186.57000000', 'q': '0.00264000', 'f': 3265674817, 'l': 3265674818, 'T': 1698907564727, 'm': True, 'M': True}
2023-11-02 12:16:14,667 - INFO - {'e': 'aggTrade', 'E': 1698907564728, 's': 'BTCUSDT', 'a': 2745148279, 'p': '35186.57000000', 'q': '0.00264000', 'f': 3265674817, 'l': 3265674818, 'T': 1698907564727, 'm': True, 'M': True}
2023-11-02 12:16:16,721 - INFO - {'e': 'aggTrade', 'E': 1698907565965, 's': 'BTCUSDT', 'a': 2745148307, 'p': '35182.61000000', 'q': '0.00070000', 'f': 3265674850, 'l': 3265674850, 'T': 1698907565964, 'm': True, 'M': True}
2023-11-02 12:16:16,737 - INFO - {'e': 'aggTrade', 'E': 1698907565965, 's': 'BTCUSDT', 'a': 2745148307, 'p': '35182.61000000', 'q': '0.00070000', 'f': 3265674850, 'l': 3265674850, 'T': 1698907565964, 'm': True, 'M': True}
2023-11-02 12:16:18,808 - INFO - {'e': 'aggTrade', 'E': 1698907566198, 's': 'BTCUSDT', 'a': 2745148315, 'p': '35182.01000000', 'q': '0.05129000', 'f': 3265674859, 'l': 3265674859, 'T': 1698907566197, 'm': False, 'M': True}
2023-11-02 12:16:18,808 - INFO - {'e': 'aggTrade', 'E': 1698907566198, 's': 'BTCUSDT', 'a': 2745148315, 'p': '35182.01000000', 'q': '0.05129000', 'f': 3265674859, 'l': 3265674859, 'T': 1698907566197, 'm': False, 'M': True}
2023-11-02 12:16:20,864 - INFO - {'e': 'aggTrade', 'E': 1698907568655, 's': 'BTCUSDT', 'a': 2745148326, 'p': '35183.05000000', 'q': '0.00070000', 'f': 3265674881, 'l': 3265674881, 'T': 1698907568654, 'm': False, 'M': True}
2023-11-02 12:16:20,864 - INFO - {'e': 'aggTrade', 'E': 1698907568655, 's': 'BTCUSDT', 'a': 2745148326, 'p': '35183.05000000', 'q': '0.00070000', 'f': 3265674881, 'l': 3265674881, 'T': 1698907568654, 'm': False, 'M': True}
2023-11-02 12:16:22,934 - INFO - {'e': 'aggTrade', 'E': 1698907572206, 's': 'BTCUSDT', 'a': 2745148358, 'p': '35188.61000000', 'q': '0.02823000', 'f': 3265674923, 'l': 3265674925, 'T': 1698907572205, 'm': False, 'M': True}
2023-11-02 12:16:22,934 - INFO - {'e': 'aggTrade', 'E': 1698907572206, 's': 'BTCUSDT', 'a': 2745148358, 'p': '35188.61000000', 'q': '0.02823000', 'f': 3265674923, 'l': 3265674925, 'T': 1698907572205, 'm': False, 'M': True}
2023-11-02 12:16:24,989 - INFO - {'e': 'aggTrade', 'E': 1698907573358, 's': 'BTCUSDT', 'a': 2745148382, 'p': '35191.69000000', 'q': '0.00134000', 'f': 3265674953, 'l': 3265674953, 'T': 1698907573357, 'm': False, 'M': True}
2023-11-02 12:16:24,989 - INFO - {'e': 'aggTrade', 'E': 1698907573358, 's': 'BTCUSDT', 'a': 2745148382, 'p': '35191.69000000', 'q': '0.00134000', 'f': 3265674953, 'l': 3265674953, 'T': 1698907573357, 'm': False, 'M': True}
2023-11-02 12:16:27,044 - INFO - {'e': 'aggTrade', 'E': 1698907573601, 's': 'BTCUSDT', 'a': 2745148397, 'p': '35192.94000000', 'q': '0.05892000', 'f': 3265674968, 'l': 3265674968, 'T': 1698907573600, 'm': False, 'M': True}
2023-11-02 12:16:27,044 - INFO - {'e': 'aggTrade', 'E': 1698907573601, 's': 'BTCUSDT', 'a': 2745148397, 'p': '35192.94000000', 'q': '0.05892000', 'f': 3265674968, 'l': 3265674968, 'T': 1698907573600, 'm': False, 'M': True}
2023-11-02 12:16:29,100 - INFO - {'e': 'aggTrade', 'E': 1698907575681, 's': 'BTCUSDT', 'a': 2745148407, 'p': '35192.93000000', 'q': '0.70574000', 'f': 3265674982, 'l': 3265674989, 'T': 1698907575680, 'm': True, 'M': True}
2023-11-02 12:16:29,116 - INFO - {'e': 'aggTrade', 'E': 1698907575681, 's': 'BTCUSDT', 'a': 2745148407, 'p': '35192.93000000', 'q': '0.70574000', 'f': 3265674982, 'l': 3265674989, 'T': 1698907575680, 'm': True, 'M': True}
2023-11-02 12:16:31,155 - INFO - {'e': 'aggTrade', 'E': 1698907577359, 's': 'BTCUSDT', 'a': 2745148439, 'p': '35186.57000000', 'q': '0.00070000', 'f': 3265675031, 'l': 3265675031, 'T': 1698907577359, 'm': True, 'M': True}
2023-11-02 12:16:31,170 - INFO - {'e': 'aggTrade', 'E': 1698907577359, 's': 'BTCUSDT', 'a': 2745148439, 'p': '35186.57000000', 'q': '0.00070000', 'f': 3265675031, 'l': 3265675031, 'T': 1698907577359, 'm': True, 'M': True}
2023-11-02 12:16:33,225 - INFO - {'e': 'aggTrade', 'E': 1698907577359, 's': 'BTCUSDT', 'a': 2745148439, 'p': '35186.57000000', 'q': '0.00070000', 'f': 3265675031, 'l': 3265675031, 'T': 1698907577359, 'm': True, 'M': True}
2023-11-02 12:16:33,225 - INFO - {'e': 'aggTrade', 'E': 1698907577359, 's': 'BTCUSDT', 'a': 2745148439, 'p': '35186.57000000', 'q': '0.00070000', 'f': 3265675031, 'l': 3265675031, 'T': 1698907577359, 'm': True, 'M': True}
2023-11-02 12:16:35,311 - INFO - {'e': 'aggTrade', 'E': 1698907577359, 's': 'BTCUSDT', 'a': 2745148439, 'p': '35186.57000000', 'q': '0.00070000', 'f': 3265675031, 'l': 3265675031, 'T': 1698907577359, 'm': True, 'M': True}
2023-11-02 12:16:35,311 - INFO - {'e': 'aggTrade', 'E': 1698907577359, 's': 'BTCUSDT', 'a': 2745148439, 'p': '35186.57000000', 'q': '0.00070000', 'f': 3265675031, 'l': 3265675031, 'T': 1698907577359, 'm': True, 'M': True}
2023-11-02 12:16:37,367 - INFO - {'e': 'aggTrade', 'E': 1698907577359, 's': 'BTCUSDT', 'a': 2745148439, 'p': '35186.57000000', 'q': '0.00070000', 'f': 3265675031, 'l': 3265675031, 'T': 1698907577359, 'm': True, 'M': True}
2023-11-02 12:16:37,367 - INFO - {'e': 'aggTrade', 'E': 1698907577359, 's': 'BTCUSDT', 'a': 2745148439, 'p': '35186.57000000', 'q': '0.00070000', 'f': 3265675031, 'l': 3265675031, 'T': 1698907577359, 'm': True, 'M': True}
2023-11-02 12:16:39,438 - INFO - {'e': 'aggTrade', 'E': 1698907577359, 's': 'BTCUSDT', 'a': 2745148439, 'p': '35186.57000000', 'q': '0.00070000', 'f': 3265675031, 'l': 3265675031, 'T': 1698907577359, 'm': True, 'M': True}
2023-11-02 12:16:39,438 - INFO - {'e': 'aggTrade', 'E': 1698907577359, 's': 'BTCUSDT', 'a': 2745148439, 'p': '35186.57000000', 'q': '0.00070000', 'f': 3265675031, 'l': 3265675031, 'T': 1698907577359, 'm': True, 'M': True}
2023-11-02 12:16:41,525 - INFO - {'e': 'aggTrade', 'E': 1698907577359, 's': 'BTCUSDT', 'a': 2745148439, 'p': '35186.57000000', 'q': '0.00070000', 'f': 3265675031, 'l': 3265675031, 'T': 1698907577359, 'm': True, 'M': True}
2023-11-02 12:16:41,525 - INFO - {'e': 'aggTrade', 'E': 1698907577359, 's': 'BTCUSDT', 'a': 2745148439, 'p': '35186.57000000', 'q': '0.00070000', 'f': 3265675031, 'l': 3265675031, 'T': 1698907577359, 'm': True, 'M': True}
2023-11-02 12:16:43,580 - INFO - {'e': 'aggTrade', 'E': 1698907589164, 's': 'BTCUSDT', 'a': 2745148509, 'p': '35180.69000000', 'q': '0.00834000', 'f': 3265675110, 'l': 3265675110, 'T': 1698907589163, 'm': True, 'M': True}
2023-11-02 12:16:43,580 - INFO - {'e': 'aggTrade', 'E': 1698907589164, 's': 'BTCUSDT', 'a': 2745148509, 'p': '35180.69000000', 'q': '0.00834000', 'f': 3265675110, 'l': 3265675110, 'T': 1698907589163, 'm': True, 'M': True}
2023-11-02 12:16:45,637 - INFO - {'e': 'aggTrade', 'E': 1698907589164, 's': 'BTCUSDT', 'a': 2745148509, 'p': '35180.69000000', 'q': '0.00834000', 'f': 3265675110, 'l': 3265675110, 'T': 1698907589163, 'm': True, 'M': True}
2023-11-02 12:16:45,653 - INFO - {'e': 'aggTrade', 'E': 1698907589164, 's': 'BTCUSDT', 'a': 2745148509, 'p': '35180.69000000', 'q': '0.00834000', 'f': 3265675110, 'l': 3265675110, 'T': 1698907589163, 'm': True, 'M': True}
2023-11-02 12:16:47,719 - INFO - {'e': 'aggTrade', 'E': 1698907589164, 's': 'BTCUSDT', 'a': 2745148509, 'p': '35180.69000000', 'q': '0.00834000', 'f': 3265675110, 'l': 3265675110, 'T': 1698907589163, 'm': True, 'M': True}
2023-11-02 12:16:47,724 - INFO - {'e': 'aggTrade', 'E': 1698907589164, 's': 'BTCUSDT', 'a': 2745148509, 'p': '35180.69000000', 'q': '0.00834000', 'f': 3265675110, 'l': 3265675110, 'T': 1698907589163, 'm': True, 'M': True}
2023-11-02 12:16:49,811 - INFO - {'e': 'aggTrade', 'E': 1698907603237, 's': 'BTCUSDT', 'a': 2745148553, 'p': '35180.69000000', 'q': '0.44806000', 'f': 3265675179, 'l': 3265675180, 'T': 1698907603236, 'm': True, 'M': True}
2023-11-02 12:16:49,811 - INFO - {'e': 'aggTrade', 'E': 1698907603237, 's': 'BTCUSDT', 'a': 2745148553, 'p': '35180.69000000', 'q': '0.44806000', 'f': 3265675179, 'l': 3265675180, 'T': 1698907603236, 'm': True, 'M': True}
2023-11-02 12:16:51,850 - INFO - {'e': 'aggTrade', 'E': 1698907608841, 's': 'BTCUSDT', 'a': 2745148574, 'p': '35180.70000000', 'q': '0.29474000', 'f': 3265675203, 'l': 3265675203, 'T': 1698907608840, 'm': False, 'M': True}
2023-11-02 12:16:51,850 - INFO - {'e': 'aggTrade', 'E': 1698907608841, 's': 'BTCUSDT', 'a': 2745148574, 'p': '35180.70000000', 'q': '0.29474000', 'f': 3265675203, 'l': 3265675203, 'T': 1698907608840, 'm': False, 'M': True}
2023-11-02 12:16:53,905 - INFO - {'e': 'aggTrade', 'E': 1698907610627, 's': 'BTCUSDT', 'a': 2745148575, 'p': '35180.70000000', 'q': '0.00148000', 'f': 3265675204, 'l': 3265675204, 'T': 1698907610627, 'm': False, 'M': True}
2023-11-02 12:16:53,916 - INFO - {'e': 'aggTrade', 'E': 1698907610627, 's': 'BTCUSDT', 'a': 2745148575, 'p': '35180.70000000', 'q': '0.00148000', 'f': 3265675204, 'l': 3265675204, 'T': 1698907610627, 'm': False, 'M': True}
2023-11-02 12:16:55,944 - INFO - {'e': 'aggTrade', 'E': 1698907610782, 's': 'BTCUSDT', 'a': 2745148576, 'p': '35180.69000000', 'q': '0.99900000', 'f': 3265675205, 'l': 3265675219, 'T': 1698907610780, 'm': True, 'M': True}
2023-11-02 12:16:55,944 - INFO - {'e': 'aggTrade', 'E': 1698907610782, 's': 'BTCUSDT', 'a': 2745148576, 'p': '35180.69000000', 'q': '0.99900000', 'f': 3265675205, 'l': 3265675219, 'T': 1698907610780, 'm': True, 'M': True}
2023-11-02 12:16:58,031 - INFO - {'e': 'aggTrade', 'E': 1698907610782, 's': 'BTCUSDT', 'a': 2745148576, 'p': '35180.69000000', 'q': '0.99900000', 'f': 3265675205, 'l': 3265675219, 'T': 1698907610780, 'm': True, 'M': True}
2023-11-02 12:16:58,031 - INFO - {'e': 'aggTrade', 'E': 1698907610782, 's': 'BTCUSDT', 'a': 2745148576, 'p': '35180.69000000', 'q': '0.99900000', 'f': 3265675205, 'l': 3265675219, 'T': 1698907610780, 'm': True, 'M': True}
2023-11-02 12:17:00,071 - INFO - {'e': 'aggTrade', 'E': 1698907614380, 's': 'BTCUSDT', 'a': 2745148606, 'p': '35180.70000000', 'q': '0.65616000', 'f': 3265675261, 'l': 3265675269, 'T': 1698907614356, 'm': False, 'M': True}
2023-11-02 12:17:00,087 - INFO - {'e': 'aggTrade', 'E': 1698907614380, 's': 'BTCUSDT', 'a': 2745148606, 'p': '35180.70000000', 'q': '0.65616000', 'f': 3265675261, 'l': 3265675269, 'T': 1698907614356, 'm': False, 'M': True}
2023-11-02 12:17:02,132 - INFO - {'e': 'aggTrade', 'E': 1698907614380, 's': 'BTCUSDT', 'a': 2745148606, 'p': '35180.70000000', 'q': '0.65616000', 'f': 3265675261, 'l': 3265675269, 'T': 1698907614356, 'm': False, 'M': True}
2023-11-02 12:17:02,143 - INFO - {'e': 'aggTrade', 'E': 1698907614380, 's': 'BTCUSDT', 'a': 2745148606, 'p': '35180.70000000', 'q': '0.65616000', 'f': 3265675261, 'l': 3265675269, 'T': 1698907614356, 'm': False, 'M': True}
2023-11-02 12:17:04,182 - INFO - {'e': 'aggTrade', 'E': 1698907614380, 's': 'BTCUSDT', 'a': 2745148606, 'p': '35180.70000000', 'q': '0.65616000', 'f': 3265675261, 'l': 3265675269, 'T': 1698907614356, 'm': False, 'M': True}
2023-11-02 12:17:04,182 - INFO - {'e': 'aggTrade', 'E': 1698907614380, 's': 'BTCUSDT', 'a': 2745148606, 'p': '35180.70000000', 'q': '0.65616000', 'f': 3265675261, 'l': 3265675269, 'T': 1698907614356, 'm': False, 'M': True}
2023-11-02 12:17:06,253 - INFO - {'e': 'aggTrade', 'E': 1698907616013, 's': 'BTCUSDT', 'a': 2745148641, 'p': '35183.99000000', 'q': '0.01811000', 'f': 3265675316, 'l': 3265675316, 'T': 1698907616012, 'm': False, 'M': True}
2023-11-02 12:17:06,268 - INFO - {'e': 'aggTrade', 'E': 1698907616013, 's': 'BTCUSDT', 'a': 2745148641, 'p': '35183.99000000', 'q': '0.01811000', 'f': 3265675316, 'l': 3265675316, 'T': 1698907616012, 'm': False, 'M': True}
2023-11-02 12:17:08,306 - INFO - {'e': 'aggTrade', 'E': 1698907617567, 's': 'BTCUSDT', 'a': 2745148655, 'p': '35183.98000000', 'q': '0.03733000', 'f': 3265675330, 'l': 3265675330, 'T': 1698907617566, 'm': True, 'M': True}
2023-11-02 12:17:08,306 - INFO - {'e': 'aggTrade', 'E': 1698907617567, 's': 'BTCUSDT', 'a': 2745148655, 'p': '35183.98000000', 'q': '0.03733000', 'f': 3265675330, 'l': 3265675330, 'T': 1698907617566, 'm': True, 'M': True}
2023-11-02 12:17:10,361 - INFO - {'e': 'aggTrade', 'E': 1698907617567, 's': 'BTCUSDT', 'a': 2745148655, 'p': '35183.98000000', 'q': '0.03733000', 'f': 3265675330, 'l': 3265675330, 'T': 1698907617566, 'm': True, 'M': True}
2023-11-02 12:17:10,377 - INFO - {'e': 'aggTrade', 'E': 1698907617567, 's': 'BTCUSDT', 'a': 2745148655, 'p': '35183.98000000', 'q': '0.03733000', 'f': 3265675330, 'l': 3265675330, 'T': 1698907617566, 'm': True, 'M': True}
2023-11-02 12:17:12,401 - INFO - {'e': 'aggTrade', 'E': 1698907617567, 's': 'BTCUSDT', 'a': 2745148655, 'p': '35183.98000000', 'q': '0.03733000', 'f': 3265675330, 'l': 3265675330, 'T': 1698907617566, 'm': True, 'M': True}
2023-11-02 12:17:12,401 - INFO - {'e': 'aggTrade', 'E': 1698907617567, 's': 'BTCUSDT', 'a': 2745148655, 'p': '35183.98000000', 'q': '0.03733000', 'f': 3265675330, 'l': 3265675330, 'T': 1698907617566, 'm': True, 'M': True}
2023-11-02 12:17:14,441 - INFO - {'e': 'aggTrade', 'E': 1698907617567, 's': 'BTCUSDT', 'a': 2745148655, 'p': '35183.98000000', 'q': '0.03733000', 'f': 3265675330, 'l': 3265675330, 'T': 1698907617566, 'm': True, 'M': True}
2023-11-02 12:17:14,456 - INFO - {'e': 'aggTrade', 'E': 1698907617567, 's': 'BTCUSDT', 'a': 2745148655, 'p': '35183.98000000', 'q': '0.03733000', 'f': 3265675330, 'l': 3265675330, 'T': 1698907617566, 'm': True, 'M': True}
2023-11-02 12:17:16,481 - INFO - {'e': 'aggTrade', 'E': 1698907617567, 's': 'BTCUSDT', 'a': 2745148655, 'p': '35183.98000000', 'q': '0.03733000', 'f': 3265675330, 'l': 3265675330, 'T': 1698907617566, 'm': True, 'M': True}
2023-11-02 12:17:16,481 - INFO - {'e': 'aggTrade', 'E': 1698907617567, 's': 'BTCUSDT', 'a': 2745148655, 'p': '35183.98000000', 'q': '0.03733000', 'f': 3265675330, 'l': 3265675330, 'T': 1698907617566, 'm': True, 'M': True}
2023-11-02 12:17:18,567 - INFO - {'e': 'aggTrade', 'E': 1698907617567, 's': 'BTCUSDT', 'a': 2745148655, 'p': '35183.98000000', 'q': '0.03733000', 'f': 3265675330, 'l': 3265675330, 'T': 1698907617566, 'm': True, 'M': True}
2023-11-02 12:17:18,582 - INFO - {'e': 'aggTrade', 'E': 1698907617567, 's': 'BTCUSDT', 'a': 2745148655, 'p': '35183.98000000', 'q': '0.03733000', 'f': 3265675330, 'l': 3265675330, 'T': 1698907617566, 'm': True, 'M': True}
2023-11-02 12:17:20,622 - INFO - {'e': 'aggTrade', 'E': 1698907617567, 's': 'BTCUSDT', 'a': 2745148655, 'p': '35183.98000000', 'q': '0.03733000', 'f': 3265675330, 'l': 3265675330, 'T': 1698907617566, 'm': True, 'M': True}
2023-11-02 12:17:20,622 - INFO - {'e': 'aggTrade', 'E': 1698907617567, 's': 'BTCUSDT', 'a': 2745148655, 'p': '35183.98000000', 'q': '0.03733000', 'f': 3265675330, 'l': 3265675330, 'T': 1698907617566, 'm': True, 'M': True}
2023-11-02 12:17:22,677 - INFO - {'e': 'aggTrade', 'E': 1698907617567, 's': 'BTCUSDT', 'a': 2745148655, 'p': '35183.98000000', 'q': '0.03733000', 'f': 3265675330, 'l': 3265675330, 'T': 1698907617566, 'm': True, 'M': True}
2023-11-02 12:17:22,677 - INFO - {'e': 'aggTrade', 'E': 1698907617567, 's': 'BTCUSDT', 'a': 2745148655, 'p': '35183.98000000', 'q': '0.03733000', 'f': 3265675330, 'l': 3265675330, 'T': 1698907617566, 'm': True, 'M': True}
2023-11-02 12:17:24,716 - INFO - {'e': 'aggTrade', 'E': 1698907617567, 's': 'BTCUSDT', 'a': 2745148655, 'p': '35183.98000000', 'q': '0.03733000', 'f': 3265675330, 'l': 3265675330, 'T': 1698907617566, 'm': True, 'M': True}
2023-11-02 12:17:24,716 - INFO - {'e': 'aggTrade', 'E': 1698907617567, 's': 'BTCUSDT', 'a': 2745148655, 'p': '35183.98000000', 'q': '0.03733000', 'f': 3265675330, 'l': 3265675330, 'T': 1698907617566, 'm': True, 'M': True}
2023-11-02 12:17:26,780 - INFO - {'e': 'aggTrade', 'E': 1698907624802, 's': 'BTCUSDT', 'a': 2745148740, 'p': '35183.98000000', 'q': '0.00302000', 'f': 3265675415, 'l': 3265675415, 'T': 1698907624801, 'm': True, 'M': True}
2023-11-02 12:17:26,786 - INFO - {'e': 'aggTrade', 'E': 1698907624802, 's': 'BTCUSDT', 'a': 2745148740, 'p': '35183.98000000', 'q': '0.00302000', 'f': 3265675415, 'l': 3265675415, 'T': 1698907624801, 'm': True, 'M': True}
2023-11-02 12:17:28,871 - INFO - {'e': 'aggTrade', 'E': 1698907624802, 's': 'BTCUSDT', 'a': 2745148740, 'p': '35183.98000000', 'q': '0.00302000', 'f': 3265675415, 'l': 3265675415, 'T': 1698907624801, 'm': True, 'M': True}
2023-11-02 12:17:28,871 - INFO - {'e': 'aggTrade', 'E': 1698907624802, 's': 'BTCUSDT', 'a': 2745148740, 'p': '35183.98000000', 'q': '0.00302000', 'f': 3265675415, 'l': 3265675415, 'T': 1698907624801, 'm': True, 'M': True}
2023-11-02 12:17:30,958 - INFO - {'e': 'aggTrade', 'E': 1698907624802, 's': 'BTCUSDT', 'a': 2745148740, 'p': '35183.98000000', 'q': '0.00302000', 'f': 3265675415, 'l': 3265675415, 'T': 1698907624801, 'm': True, 'M': True}
2023-11-02 12:17:30,958 - INFO - {'e': 'aggTrade', 'E': 1698907624802, 's': 'BTCUSDT', 'a': 2745148740, 'p': '35183.98000000', 'q': '0.00302000', 'f': 3265675415, 'l': 3265675415, 'T': 1698907624801, 'm': True, 'M': True}
2023-11-02 12:17:33,015 - INFO - {'e': 'aggTrade', 'E': 1698907624802, 's': 'BTCUSDT', 'a': 2745148740, 'p': '35183.98000000', 'q': '0.00302000', 'f': 3265675415, 'l': 3265675415, 'T': 1698907624801, 'm': True, 'M': True}
2023-11-02 12:17:33,015 - INFO - {'e': 'aggTrade', 'E': 1698907624802, 's': 'BTCUSDT', 'a': 2745148740, 'p': '35183.98000000', 'q': '0.00302000', 'f': 3265675415, 'l': 3265675415, 'T': 1698907624801, 'm': True, 'M': True}
2023-11-02 12:17:35,054 - INFO - {'e': 'aggTrade', 'E': 1698907624802, 's': 'BTCUSDT', 'a': 2745148740, 'p': '35183.98000000', 'q': '0.00302000', 'f': 3265675415, 'l': 3265675415, 'T': 1698907624801, 'm': True, 'M': True}
2023-11-02 12:17:35,070 - INFO - {'e': 'aggTrade', 'E': 1698907624802, 's': 'BTCUSDT', 'a': 2745148740, 'p': '35183.98000000', 'q': '0.00302000', 'f': 3265675415, 'l': 3265675415, 'T': 1698907624801, 'm': True, 'M': True}
2023-11-02 12:17:37,100 - INFO - {'e': 'aggTrade', 'E': 1698907624802, 's': 'BTCUSDT', 'a': 2745148740, 'p': '35183.98000000', 'q': '0.00302000', 'f': 3265675415, 'l': 3265675415, 'T': 1698907624801, 'm': True, 'M': True}
2023-11-02 12:17:37,109 - INFO - {'e': 'aggTrade', 'E': 1698907624802, 's': 'BTCUSDT', 'a': 2745148740, 'p': '35183.98000000', 'q': '0.00302000', 'f': 3265675415, 'l': 3265675415, 'T': 1698907624801, 'm': True, 'M': True}
2023-11-02 12:17:39,179 - INFO - {'e': 'aggTrade', 'E': 1698907624802, 's': 'BTCUSDT', 'a': 2745148740, 'p': '35183.98000000', 'q': '0.00302000', 'f': 3265675415, 'l': 3265675415, 'T': 1698907624801, 'm': True, 'M': True}
2023-11-02 12:17:39,179 - INFO - {'e': 'aggTrade', 'E': 1698907624802, 's': 'BTCUSDT', 'a': 2745148740, 'p': '35183.98000000', 'q': '0.00302000', 'f': 3265675415, 'l': 3265675415, 'T': 1698907624801, 'm': True, 'M': True}
2023-11-02 12:17:41,219 - INFO - {'e': 'aggTrade', 'E': 1698907624802, 's': 'BTCUSDT', 'a': 2745148740, 'p': '35183.98000000', 'q': '0.00302000', 'f': 3265675415, 'l': 3265675415, 'T': 1698907624801, 'm': True, 'M': True}
2023-11-02 12:17:41,234 - INFO - {'e': 'aggTrade', 'E': 1698907624802, 's': 'BTCUSDT', 'a': 2745148740, 'p': '35183.98000000', 'q': '0.00302000', 'f': 3265675415, 'l': 3265675415, 'T': 1698907624801, 'm': True, 'M': True}
2023-11-02 12:17:43,273 - INFO - {'e': 'aggTrade', 'E': 1698907624802, 's': 'BTCUSDT', 'a': 2745148740, 'p': '35183.98000000', 'q': '0.00302000', 'f': 3265675415, 'l': 3265675415, 'T': 1698907624801, 'm': True, 'M': True}
2023-11-02 12:17:43,289 - INFO - {'e': 'aggTrade', 'E': 1698907624802, 's': 'BTCUSDT', 'a': 2745148740, 'p': '35183.98000000', 'q': '0.00302000', 'f': 3265675415, 'l': 3265675415, 'T': 1698907624801, 'm': True, 'M': True}
2023-11-02 12:17:45,375 - INFO - {'e': 'aggTrade', 'E': 1698907624802, 's': 'BTCUSDT', 'a': 2745148740, 'p': '35183.98000000', 'q': '0.00302000', 'f': 3265675415, 'l': 3265675415, 'T': 1698907624801, 'm': True, 'M': True}
2023-11-02 12:17:45,375 - INFO - {'e': 'aggTrade', 'E': 1698907624802, 's': 'BTCUSDT', 'a': 2745148740, 'p': '35183.98000000', 'q': '0.00302000', 'f': 3265675415, 'l': 3265675415, 'T': 1698907624801, 'm': True, 'M': True}
2023-11-02 12:17:47,445 - INFO - {'e': 'aggTrade', 'E': 1698907624802, 's': 'BTCUSDT', 'a': 2745148740, 'p': '35183.98000000', 'q': '0.00302000', 'f': 3265675415, 'l': 3265675415, 'T': 1698907624801, 'm': True, 'M': True}
2023-11-02 12:17:47,445 - INFO - {'e': 'aggTrade', 'E': 1698907624802, 's': 'BTCUSDT', 'a': 2745148740, 'p': '35183.98000000', 'q': '0.00302000', 'f': 3265675415, 'l': 3265675415, 'T': 1698907624801, 'm': True, 'M': True}
2023-11-02 12:17:49,499 - INFO - {'e': 'aggTrade', 'E': 1698907624807, 's': 'BTCUSDT', 'a': 2745148743, 'p': '35183.98000000', 'q': '0.00141000', 'f': 3265675418, 'l': 3265675418, 'T': 1698907624806, 'm': True, 'M': True}
2023-11-02 12:17:49,499 - INFO - {'e': 'aggTrade', 'E': 1698907624807, 's': 'BTCUSDT', 'a': 2745148743, 'p': '35183.98000000', 'q': '0.00141000', 'f': 3265675418, 'l': 3265675418, 'T': 1698907624806, 'm': True, 'M': True}
2023-11-02 12:17:51,539 - INFO - {'e': 'aggTrade', 'E': 1698907624807, 's': 'BTCUSDT', 'a': 2745148743, 'p': '35183.98000000', 'q': '0.00141000', 'f': 3265675418, 'l': 3265675418, 'T': 1698907624806, 'm': True, 'M': True}
2023-11-02 12:17:51,554 - INFO - {'e': 'aggTrade', 'E': 1698907624807, 's': 'BTCUSDT', 'a': 2745148743, 'p': '35183.98000000', 'q': '0.00141000', 'f': 3265675418, 'l': 3265675418, 'T': 1698907624806, 'm': True, 'M': True}
2023-11-02 12:17:53,594 - INFO - {'e': 'aggTrade', 'E': 1698907624807, 's': 'BTCUSDT', 'a': 2745148743, 'p': '35183.98000000', 'q': '0.00141000', 'f': 3265675418, 'l': 3265675418, 'T': 1698907624806, 'm': True, 'M': True}
2023-11-02 12:17:53,594 - INFO - {'e': 'aggTrade', 'E': 1698907624807, 's': 'BTCUSDT', 'a': 2745148743, 'p': '35183.98000000', 'q': '0.00141000', 'f': 3265675418, 'l': 3265675418, 'T': 1698907624806, 'm': True, 'M': True}
2023-11-02 12:17:55,644 - INFO - {'e': 'aggTrade', 'E': 1698907624807, 's': 'BTCUSDT', 'a': 2745148743, 'p': '35183.98000000', 'q': '0.00141000', 'f': 3265675418, 'l': 3265675418, 'T': 1698907624806, 'm': True, 'M': True}
2023-11-02 12:17:55,644 - INFO - {'e': 'aggTrade', 'E': 1698907624807, 's': 'BTCUSDT', 'a': 2745148743, 'p': '35183.98000000', 'q': '0.00141000', 'f': 3265675418, 'l': 3265675418, 'T': 1698907624806, 'm': True, 'M': True}
2023-11-02 12:17:57,694 - INFO - {'e': 'aggTrade', 'E': 1698907624807, 's': 'BTCUSDT', 'a': 2745148743, 'p': '35183.98000000', 'q': '0.00141000', 'f': 3265675418, 'l': 3265675418, 'T': 1698907624806, 'm': True, 'M': True}
2023-11-02 12:17:57,694 - INFO - {'e': 'aggTrade', 'E': 1698907624807, 's': 'BTCUSDT', 'a': 2745148743, 'p': '35183.98000000', 'q': '0.00141000', 'f': 3265675418, 'l': 3265675418, 'T': 1698907624806, 'm': True, 'M': True}
2023-11-02 12:17:59,781 - INFO - {'e': 'aggTrade', 'E': 1698907624807, 's': 'BTCUSDT', 'a': 2745148743, 'p': '35183.98000000', 'q': '0.00141000', 'f': 3265675418, 'l': 3265675418, 'T': 1698907624806, 'm': True, 'M': True}
2023-11-02 12:17:59,781 - INFO - {'e': 'aggTrade', 'E': 1698907624807, 's': 'BTCUSDT', 'a': 2745148743, 'p': '35183.98000000', 'q': '0.00141000', 'f': 3265675418, 'l': 3265675418, 'T': 1698907624806, 'm': True, 'M': True}
2023-11-02 12:18:01,852 - INFO - {'e': 'aggTrade', 'E': 1698907624807, 's': 'BTCUSDT', 'a': 2745148743, 'p': '35183.98000000', 'q': '0.00141000', 'f': 3265675418, 'l': 3265675418, 'T': 1698907624806, 'm': True, 'M': True}
2023-11-02 12:18:01,852 - INFO - {'e': 'aggTrade', 'E': 1698907624807, 's': 'BTCUSDT', 'a': 2745148743, 'p': '35183.98000000', 'q': '0.00141000', 'f': 3265675418, 'l': 3265675418, 'T': 1698907624806, 'm': True, 'M': True}
2023-11-02 12:18:03,926 - INFO - {'e': 'aggTrade', 'E': 1698907624807, 's': 'BTCUSDT', 'a': 2745148743, 'p': '35183.98000000', 'q': '0.00141000', 'f': 3265675418, 'l': 3265675418, 'T': 1698907624806, 'm': True, 'M': True}
2023-11-02 12:18:03,929 - INFO - {'e': 'aggTrade', 'E': 1698907624807, 's': 'BTCUSDT', 'a': 2745148743, 'p': '35183.98000000', 'q': '0.00141000', 'f': 3265675418, 'l': 3265675418, 'T': 1698907624806, 'm': True, 'M': True}
2023-11-02 12:18:06,000 - INFO - {'e': 'aggTrade', 'E': 1698907624807, 's': 'BTCUSDT', 'a': 2745148743, 'p': '35183.98000000', 'q': '0.00141000', 'f': 3265675418, 'l': 3265675418, 'T': 1698907624806, 'm': True, 'M': True}
2023-11-02 12:18:06,000 - INFO - {'e': 'aggTrade', 'E': 1698907624807, 's': 'BTCUSDT', 'a': 2745148743, 'p': '35183.98000000', 'q': '0.00141000', 'f': 3265675418, 'l': 3265675418, 'T': 1698907624806, 'm': True, 'M': True}
2023-11-02 12:18:08,057 - INFO - {'e': 'aggTrade', 'E': 1698907624807, 's': 'BTCUSDT', 'a': 2745148743, 'p': '35183.98000000', 'q': '0.00141000', 'f': 3265675418, 'l': 3265675418, 'T': 1698907624806, 'm': True, 'M': True}
2023-11-02 12:18:08,057 - INFO - {'e': 'aggTrade', 'E': 1698907624807, 's': 'BTCUSDT', 'a': 2745148743, 'p': '35183.98000000', 'q': '0.00141000', 'f': 3265675418, 'l': 3265675418, 'T': 1698907624806, 'm': True, 'M': True}
2023-11-02 12:18:10,362 - INFO - {'e': 'aggTrade', 'E': 1698907624807, 's': 'BTCUSDT', 'a': 2745148743, 'p': '35183.98000000', 'q': '0.00141000', 'f': 3265675418, 'l': 3265675418, 'T': 1698907624806, 'm': True, 'M': True}
2023-11-02 12:18:10,362 - INFO - {'e': 'aggTrade', 'E': 1698907624807, 's': 'BTCUSDT', 'a': 2745148743, 'p': '35183.98000000', 'q': '0.00141000', 'f': 3265675418, 'l': 3265675418, 'T': 1698907624806, 'm': True, 'M': True}
2023-11-02 12:18:12,781 - INFO - {'e': 'aggTrade', 'E': 1698907624807, 's': 'BTCUSDT', 'a': 2745148743, 'p': '35183.98000000', 'q': '0.00141000', 'f': 3265675418, 'l': 3265675418, 'T': 1698907624806, 'm': True, 'M': True}
2023-11-02 12:18:12,784 - INFO - {'e': 'aggTrade', 'E': 1698907624807, 's': 'BTCUSDT', 'a': 2745148743, 'p': '35183.98000000', 'q': '0.00141000', 'f': 3265675418, 'l': 3265675418, 'T': 1698907624806, 'm': True, 'M': True}
2023-11-02 12:18:15,272 - INFO - {'e': 'aggTrade', 'E': 1698907624807, 's': 'BTCUSDT', 'a': 2745148743, 'p': '35183.98000000', 'q': '0.00141000', 'f': 3265675418, 'l': 3265675418, 'T': 1698907624806, 'm': True, 'M': True}
2023-11-02 12:18:15,285 - INFO - {'e': 'aggTrade', 'E': 1698907624807, 's': 'BTCUSDT', 'a': 2745148743, 'p': '35183.98000000', 'q': '0.00141000', 'f': 3265675418, 'l': 3265675418, 'T': 1698907624806, 'm': True, 'M': True}
2023-11-02 12:18:17,739 - INFO - {'e': 'aggTrade', 'E': 1698907627599, 's': 'BTCUSDT', 'a': 2745148767, 'p': '35185.25000000', 'q': '0.00070000', 'f': 3265675449, 'l': 3265675449, 'T': 1698907627598, 'm': False, 'M': True}
2023-11-02 12:18:17,756 - INFO - {'e': 'aggTrade', 'E': 1698907627599, 's': 'BTCUSDT', 'a': 2745148767, 'p': '35185.25000000', 'q': '0.00070000', 'f': 3265675449, 'l': 3265675449, 'T': 1698907627598, 'm': False, 'M': True}
2023-11-02 12:18:20,349 - INFO - {'e': 'aggTrade', 'E': 1698907629922, 's': 'BTCUSDT', 'a': 2745148800, 'p': '35186.12000000', 'q': '0.00027000', 'f': 3265675506, 'l': 3265675506, 'T': 1698907629912, 'm': True, 'M': True}
2023-11-02 12:18:20,353 - INFO - {'e': 'aggTrade', 'E': 1698907629922, 's': 'BTCUSDT', 'a': 2745148800, 'p': '35186.12000000', 'q': '0.00027000', 'f': 3265675506, 'l': 3265675506, 'T': 1698907629912, 'm': True, 'M': True}
2023-11-02 12:18:22,771 - INFO - {'e': 'aggTrade', 'E': 1698907630415, 's': 'BTCUSDT', 'a': 2745148868, 'p': '35175.50000000', 'q': '0.00252000', 'f': 3265675592, 'l': 3265675592, 'T': 1698907630414, 'm': False, 'M': True}
2023-11-02 12:18:22,776 - INFO - {'e': 'aggTrade', 'E': 1698907630415, 's': 'BTCUSDT', 'a': 2745148868, 'p': '35175.50000000', 'q': '0.00252000', 'f': 3265675592, 'l': 3265675592, 'T': 1698907630414, 'm': False, 'M': True}
2023-11-02 12:18:25,146 - INFO - {'e': 'aggTrade', 'E': 1698907640305, 's': 'BTCUSDT', 'a': 2745148909, 'p': '35176.17000000', 'q': '0.00141000', 'f': 3265675645, 'l': 3265675646, 'T': 1698907640304, 'm': False, 'M': True}
2023-11-02 12:18:25,162 - INFO - {'e': 'aggTrade', 'E': 1698907640305, 's': 'BTCUSDT', 'a': 2745148909, 'p': '35176.17000000', 'q': '0.00141000', 'f': 3265675645, 'l': 3265675646, 'T': 1698907640304, 'm': False, 'M': True}
2023-11-02 12:18:27,563 - INFO - {'e': 'aggTrade', 'E': 1698907650475, 's': 'BTCUSDT', 'a': 2745149004, 'p': '35175.00000000', 'q': '0.00916000', 'f': 3265675772, 'l': 3265675772, 'T': 1698907650474, 'm': True, 'M': True}
2023-11-02 12:18:27,567 - INFO - {'e': 'aggTrade', 'E': 1698907650475, 's': 'BTCUSDT', 'a': 2745149004, 'p': '35175.00000000', 'q': '0.00916000', 'f': 3265675772, 'l': 3265675772, 'T': 1698907650474, 'm': True, 'M': True}
2023-11-02 12:18:29,871 - INFO - {'e': 'aggTrade', 'E': 1698907650475, 's': 'BTCUSDT', 'a': 2745149004, 'p': '35175.00000000', 'q': '0.00916000', 'f': 3265675772, 'l': 3265675772, 'T': 1698907650474, 'm': True, 'M': True}
2023-11-02 12:18:29,874 - INFO - {'e': 'aggTrade', 'E': 1698907650475, 's': 'BTCUSDT', 'a': 2745149004, 'p': '35175.00000000', 'q': '0.00916000', 'f': 3265675772, 'l': 3265675772, 'T': 1698907650474, 'm': True, 'M': True}
2023-11-02 12:18:32,246 - INFO - {'e': 'aggTrade', 'E': 1698907650475, 's': 'BTCUSDT', 'a': 2745149004, 'p': '35175.00000000', 'q': '0.00916000', 'f': 3265675772, 'l': 3265675772, 'T': 1698907650474, 'm': True, 'M': True}
2023-11-02 12:18:32,262 - INFO - {'e': 'aggTrade', 'E': 1698907650475, 's': 'BTCUSDT', 'a': 2745149004, 'p': '35175.00000000', 'q': '0.00916000', 'f': 3265675772, 'l': 3265675772, 'T': 1698907650474, 'm': True, 'M': True}
2023-11-02 12:18:34,648 - INFO - {'e': 'aggTrade', 'E': 1698907650475, 's': 'BTCUSDT', 'a': 2745149004, 'p': '35175.00000000', 'q': '0.00916000', 'f': 3265675772, 'l': 3265675772, 'T': 1698907650474, 'm': True, 'M': True}
2023-11-02 12:18:34,648 - INFO - {'e': 'aggTrade', 'E': 1698907650475, 's': 'BTCUSDT', 'a': 2745149004, 'p': '35175.00000000', 'q': '0.00916000', 'f': 3265675772, 'l': 3265675772, 'T': 1698907650474, 'm': True, 'M': True}
2023-11-02 12:18:36,964 - INFO - {'e': 'aggTrade', 'E': 1698907650475, 's': 'BTCUSDT', 'a': 2745149004, 'p': '35175.00000000', 'q': '0.00916000', 'f': 3265675772, 'l': 3265675772, 'T': 1698907650474, 'm': True, 'M': True}
2023-11-02 12:18:36,964 - INFO - {'e': 'aggTrade', 'E': 1698907650475, 's': 'BTCUSDT', 'a': 2745149004, 'p': '35175.00000000', 'q': '0.00916000', 'f': 3265675772, 'l': 3265675772, 'T': 1698907650474, 'm': True, 'M': True}
2023-11-02 12:18:39,007 - INFO - {'e': 'aggTrade', 'E': 1698907657610, 's': 'BTCUSDT', 'a': 2745149099, 'p': '35166.32000000', 'q': '0.00086000', 'f': 3265675890, 'l': 3265675890, 'T': 1698907657609, 'm': False, 'M': True}
2023-11-02 12:18:39,023 - INFO - {'e': 'aggTrade', 'E': 1698907657610, 's': 'BTCUSDT', 'a': 2745149099, 'p': '35166.32000000', 'q': '0.00086000', 'f': 3265675890, 'l': 3265675890, 'T': 1698907657609, 'm': False, 'M': True}
2023-11-02 12:18:41,092 - INFO - {'e': 'aggTrade', 'E': 1698907670556, 's': 'BTCUSDT', 'a': 2745149177, 'p': '35171.16000000', 'q': '0.00984000', 'f': 3265675998, 'l': 3265675998, 'T': 1698907670555, 'm': True, 'M': True}
2023-11-02 12:18:41,092 - INFO - {'e': 'aggTrade', 'E': 1698907670556, 's': 'BTCUSDT', 'a': 2745149177, 'p': '35171.16000000', 'q': '0.00984000', 'f': 3265675998, 'l': 3265675998, 'T': 1698907670555, 'm': True, 'M': True}
2023-11-02 12:18:43,151 - INFO - {'e': 'aggTrade', 'E': 1698907673284, 's': 'BTCUSDT', 'a': 2745149230, 'p': '35177.77000000', 'q': '0.00249000', 'f': 3265676064, 'l': 3265676065, 'T': 1698907673283, 'm': False, 'M': True}
2023-11-02 12:18:43,153 - INFO - {'e': 'aggTrade', 'E': 1698907673284, 's': 'BTCUSDT', 'a': 2745149230, 'p': '35177.77000000', 'q': '0.00249000', 'f': 3265676064, 'l': 3265676065, 'T': 1698907673283, 'm': False, 'M': True}
2023-11-02 12:18:45,239 - INFO - {'e': 'aggTrade', 'E': 1698907696828, 's': 'BTCUSDT', 'a': 2745149366, 'p': '35179.39000000', 'q': '0.04642000', 'f': 3265676224, 'l': 3265676228, 'T': 1698907696825, 'm': False, 'M': True}
2023-11-02 12:18:45,242 - INFO - {'e': 'aggTrade', 'E': 1698907696828, 's': 'BTCUSDT', 'a': 2745149366, 'p': '35179.39000000', 'q': '0.04642000', 'f': 3265676224, 'l': 3265676228, 'T': 1698907696825, 'm': False, 'M': True}
2023-11-02 12:18:47,310 - INFO - {'e': 'aggTrade', 'E': 1698907703565, 's': 'BTCUSDT', 'a': 2745149462, 'p': '35188.36000000', 'q': '0.00020000', 'f': 3265676346, 'l': 3265676346, 'T': 1698907703564, 'm': False, 'M': True}
2023-11-02 12:18:47,312 - INFO - {'e': 'aggTrade', 'E': 1698907703565, 's': 'BTCUSDT', 'a': 2745149462, 'p': '35188.36000000', 'q': '0.00020000', 'f': 3265676346, 'l': 3265676346, 'T': 1698907703564, 'm': False, 'M': True}
2023-11-02 12:18:49,367 - INFO - {'e': 'aggTrade', 'E': 1698907717841, 's': 'BTCUSDT', 'a': 2745149524, 'p': '35190.47000000', 'q': '0.07755000', 'f': 3265676451, 'l': 3265676451, 'T': 1698907717840, 'm': False, 'M': True}
2023-11-02 12:18:49,382 - INFO - {'e': 'aggTrade', 'E': 1698907717841, 's': 'BTCUSDT', 'a': 2745149524, 'p': '35190.47000000', 'q': '0.07755000', 'f': 3265676451, 'l': 3265676451, 'T': 1698907717840, 'm': False, 'M': True}
2023-11-02 12:18:51,455 - INFO - {'e': 'aggTrade', 'E': 1698907717841, 's': 'BTCUSDT', 'a': 2745149524, 'p': '35190.47000000', 'q': '0.07755000', 'f': 3265676451, 'l': 3265676451, 'T': 1698907717840, 'm': False, 'M': True}
2023-11-02 12:18:51,463 - INFO - {'e': 'aggTrade', 'E': 1698907717841, 's': 'BTCUSDT', 'a': 2745149524, 'p': '35190.47000000', 'q': '0.07755000', 'f': 3265676451, 'l': 3265676451, 'T': 1698907717840, 'm': False, 'M': True}
2023-11-02 12:18:53,533 - INFO - {'e': 'aggTrade', 'E': 1698907724783, 's': 'BTCUSDT', 'a': 2745149563, 'p': '35190.46000000', 'q': '0.01081000', 'f': 3265676498, 'l': 3265676498, 'T': 1698907724783, 'm': True, 'M': True}
2023-11-02 12:18:53,533 - INFO - {'e': 'aggTrade', 'E': 1698907724783, 's': 'BTCUSDT', 'a': 2745149563, 'p': '35190.46000000', 'q': '0.01081000', 'f': 3265676498, 'l': 3265676498, 'T': 1698907724783, 'm': True, 'M': True}
2023-11-02 12:18:55,591 - INFO - {'e': 'aggTrade', 'E': 1698907727036, 's': 'BTCUSDT', 'a': 2745149608, 'p': '35184.37000000', 'q': '0.00070000', 'f': 3265676563, 'l': 3265676563, 'T': 1698907727035, 'm': True, 'M': True}
2023-11-02 12:18:55,606 - INFO - {'e': 'aggTrade', 'E': 1698907727036, 's': 'BTCUSDT', 'a': 2745149608, 'p': '35184.37000000', 'q': '0.00070000', 'f': 3265676563, 'l': 3265676563, 'T': 1698907727035, 'm': True, 'M': True}
2023-11-02 12:18:57,697 - INFO - {'e': 'aggTrade', 'E': 1698907727036, 's': 'BTCUSDT', 'a': 2745149608, 'p': '35184.37000000', 'q': '0.00070000', 'f': 3265676563, 'l': 3265676563, 'T': 1698907727035, 'm': True, 'M': True}
2023-11-02 12:18:57,697 - INFO - {'e': 'aggTrade', 'E': 1698907727036, 's': 'BTCUSDT', 'a': 2745149608, 'p': '35184.37000000', 'q': '0.00070000', 'f': 3265676563, 'l': 3265676563, 'T': 1698907727035, 'm': True, 'M': True}
2023-11-02 12:18:59,756 - INFO - {'e': 'aggTrade', 'E': 1698907728152, 's': 'BTCUSDT', 'a': 2745149634, 'p': '35181.34000000', 'q': '0.00136000', 'f': 3265676592, 'l': 3265676592, 'T': 1698907728151, 'm': True, 'M': True}
2023-11-02 12:18:59,756 - INFO - {'e': 'aggTrade', 'E': 1698907728152, 's': 'BTCUSDT', 'a': 2745149634, 'p': '35181.34000000', 'q': '0.00136000', 'f': 3265676592, 'l': 3265676592, 'T': 1698907728151, 'm': True, 'M': True}
2023-11-02 12:19:01,830 - INFO - {'e': 'aggTrade', 'E': 1698907740008, 's': 'BTCUSDT', 'a': 2745149806, 'p': '35167.77000000', 'q': '0.00303000', 'f': 3265676817, 'l': 3265676817, 'T': 1698907740007, 'm': False, 'M': True}
2023-11-02 12:19:01,833 - INFO - {'e': 'aggTrade', 'E': 1698907740008, 's': 'BTCUSDT', 'a': 2745149806, 'p': '35167.77000000', 'q': '0.00303000', 'f': 3265676817, 'l': 3265676817, 'T': 1698907740007, 'm': False, 'M': True}
2023-11-02 12:19:03,906 - INFO - {'e': 'aggTrade', 'E': 1698907740008, 's': 'BTCUSDT', 'a': 2745149806, 'p': '35167.77000000', 'q': '0.00303000', 'f': 3265676817, 'l': 3265676817, 'T': 1698907740007, 'm': False, 'M': True}
2023-11-02 12:19:03,906 - INFO - {'e': 'aggTrade', 'E': 1698907740008, 's': 'BTCUSDT', 'a': 2745149806, 'p': '35167.77000000', 'q': '0.00303000', 'f': 3265676817, 'l': 3265676817, 'T': 1698907740007, 'm': False, 'M': True}
2023-11-02 12:19:05,971 - INFO - {'e': 'aggTrade', 'E': 1698907740008, 's': 'BTCUSDT', 'a': 2745149806, 'p': '35167.77000000', 'q': '0.00303000', 'f': 3265676817, 'l': 3265676817, 'T': 1698907740007, 'm': False, 'M': True}
2023-11-02 12:19:05,971 - INFO - {'e': 'aggTrade', 'E': 1698907740008, 's': 'BTCUSDT', 'a': 2745149806, 'p': '35167.77000000', 'q': '0.00303000', 'f': 3265676817, 'l': 3265676817, 'T': 1698907740007, 'm': False, 'M': True}
2023-11-02 12:19:08,027 - INFO - {'e': 'aggTrade', 'E': 1698907741143, 's': 'BTCUSDT', 'a': 2745149838, 'p': '35167.76000000', 'q': '0.22420000', 'f': 3265676849, 'l': 3265676849, 'T': 1698907741142, 'm': True, 'M': True}
2023-11-02 12:19:08,042 - INFO - {'e': 'aggTrade', 'E': 1698907741143, 's': 'BTCUSDT', 'a': 2745149838, 'p': '35167.76000000', 'q': '0.22420000', 'f': 3265676849, 'l': 3265676849, 'T': 1698907741142, 'm': True, 'M': True}
2023-11-02 12:19:10,091 - INFO - {'e': 'aggTrade', 'E': 1698907742403, 's': 'BTCUSDT', 'a': 2745149845, 'p': '35167.77000000', 'q': '0.00112000', 'f': 3265676856, 'l': 3265676856, 'T': 1698907742403, 'm': False, 'M': True}
2023-11-02 12:19:10,107 - INFO - {'e': 'aggTrade', 'E': 1698907742403, 's': 'BTCUSDT', 'a': 2745149845, 'p': '35167.77000000', 'q': '0.00112000', 'f': 3265676856, 'l': 3265676856, 'T': 1698907742403, 'm': False, 'M': True}
2023-11-02 12:19:12,177 - INFO - {'e': 'aggTrade', 'E': 1698907746581, 's': 'BTCUSDT', 'a': 2745149879, 'p': '35167.77000000', 'q': '0.14657000', 'f': 3265676894, 'l': 3265676899, 'T': 1698907746580, 'm': False, 'M': True}
2023-11-02 12:19:12,192 - INFO - {'e': 'aggTrade', 'E': 1698907746581, 's': 'BTCUSDT', 'a': 2745149879, 'p': '35167.77000000', 'q': '0.14657000', 'f': 3265676894, 'l': 3265676899, 'T': 1698907746580, 'm': False, 'M': True}
2023-11-02 12:19:14,263 - INFO - {'e': 'aggTrade', 'E': 1698907749337, 's': 'BTCUSDT', 'a': 2745149927, 'p': '35171.17000000', 'q': '0.00339000', 'f': 3265676952, 'l': 3265676952, 'T': 1698907749336, 'm': False, 'M': True}
2023-11-02 12:19:14,263 - INFO - {'e': 'aggTrade', 'E': 1698907749337, 's': 'BTCUSDT', 'a': 2745149927, 'p': '35171.17000000', 'q': '0.00339000', 'f': 3265676952, 'l': 3265676952, 'T': 1698907749336, 'm': False, 'M': True}
2023-11-02 12:19:16,320 - INFO - {'e': 'aggTrade', 'E': 1698907754275, 's': 'BTCUSDT', 'a': 2745149937, 'p': '35171.16000000', 'q': '0.00784000', 'f': 3265676979, 'l': 3265676979, 'T': 1698907754274, 'm': True, 'M': True}
2023-11-02 12:19:16,320 - INFO - {'e': 'aggTrade', 'E': 1698907754275, 's': 'BTCUSDT', 'a': 2745149937, 'p': '35171.16000000', 'q': '0.00784000', 'f': 3265676979, 'l': 3265676979, 'T': 1698907754274, 'm': True, 'M': True}
2023-11-02 12:19:18,404 - INFO - {'e': 'aggTrade', 'E': 1698907756413, 's': 'BTCUSDT', 'a': 2745149949, 'p': '35171.17000000', 'q': '0.00142000', 'f': 3265676991, 'l': 3265676991, 'T': 1698907756412, 'm': False, 'M': True}
2023-11-02 12:19:18,404 - INFO - {'e': 'aggTrade', 'E': 1698907756413, 's': 'BTCUSDT', 'a': 2745149949, 'p': '35171.17000000', 'q': '0.00142000', 'f': 3265676991, 'l': 3265676991, 'T': 1698907756412, 'm': False, 'M': True}
2023-11-02 12:19:20,442 - INFO - {'e': 'aggTrade', 'E': 1698907756413, 's': 'BTCUSDT', 'a': 2745149949, 'p': '35171.17000000', 'q': '0.00142000', 'f': 3265676991, 'l': 3265676991, 'T': 1698907756412, 'm': False, 'M': True}
2023-11-02 12:19:20,457 - INFO - {'e': 'aggTrade', 'E': 1698907756413, 's': 'BTCUSDT', 'a': 2745149949, 'p': '35171.17000000', 'q': '0.00142000', 'f': 3265676991, 'l': 3265676991, 'T': 1698907756412, 'm': False, 'M': True}
2023-11-02 12:19:22,538 - INFO - {'e': 'aggTrade', 'E': 1698907758705, 's': 'BTCUSDT', 'a': 2745149955, 'p': '35171.16000000', 'q': '0.09701000', 'f': 3265676998, 'l': 3265676998, 'T': 1698907758704, 'm': True, 'M': True}
2023-11-02 12:19:22,538 - INFO - {'e': 'aggTrade', 'E': 1698907758705, 's': 'BTCUSDT', 'a': 2745149955, 'p': '35171.16000000', 'q': '0.09701000', 'f': 3265676998, 'l': 3265676998, 'T': 1698907758704, 'm': True, 'M': True}
2023-11-02 12:19:24,685 - INFO - {'e': 'aggTrade', 'E': 1698907763355, 's': 'BTCUSDT', 'a': 2745149964, 'p': '35171.17000000', 'q': '0.00035000', 'f': 3265677009, 'l': 3265677009, 'T': 1698907763354, 'm': False, 'M': True}
2023-11-02 12:19:24,685 - INFO - {'e': 'aggTrade', 'E': 1698907763355, 's': 'BTCUSDT', 'a': 2745149964, 'p': '35171.17000000', 'q': '0.00035000', 'f': 3265677009, 'l': 3265677009, 'T': 1698907763354, 'm': False, 'M': True}
2023-11-02 12:19:26,831 - INFO - {'e': 'aggTrade', 'E': 1698907763481, 's': 'BTCUSDT', 'a': 2745149965, 'p': '35171.17000000', 'q': '0.03033000', 'f': 3265677010, 'l': 3265677014, 'T': 1698907763480, 'm': False, 'M': True}
2023-11-02 12:19:26,846 - INFO - {'e': 'aggTrade', 'E': 1698907763481, 's': 'BTCUSDT', 'a': 2745149965, 'p': '35171.17000000', 'q': '0.03033000', 'f': 3265677010, 'l': 3265677014, 'T': 1698907763480, 'm': False, 'M': True}
2023-11-02 12:19:29,014 - INFO - {'e': 'aggTrade', 'E': 1698907767990, 's': 'BTCUSDT', 'a': 2745149973, 'p': '35171.16000000', 'q': '0.00024000', 'f': 3265677022, 'l': 3265677022, 'T': 1698907767989, 'm': True, 'M': True}
2023-11-02 12:19:29,030 - INFO - {'e': 'aggTrade', 'E': 1698907767990, 's': 'BTCUSDT', 'a': 2745149973, 'p': '35171.16000000', 'q': '0.00024000', 'f': 3265677022, 'l': 3265677022, 'T': 1698907767989, 'm': True, 'M': True}
2023-11-02 12:19:31,641 - INFO - {'e': 'aggTrade', 'E': 1698907770494, 's': 'BTCUSDT', 'a': 2745149987, 'p': '35171.16000000', 'q': '0.00041000', 'f': 3265677036, 'l': 3265677036, 'T': 1698907770494, 'm': True, 'M': True}
2023-11-02 12:19:31,641 - INFO - {'e': 'aggTrade', 'E': 1698907770494, 's': 'BTCUSDT', 'a': 2745149987, 'p': '35171.16000000', 'q': '0.00041000', 'f': 3265677036, 'l': 3265677036, 'T': 1698907770494, 'm': True, 'M': True}
2023-11-02 12:19:33,941 - INFO - {'e': 'aggTrade', 'E': 1698907771837, 's': 'BTCUSDT', 'a': 2745149999, 'p': '35171.16000000', 'q': '0.00021000', 'f': 3265677048, 'l': 3265677048, 'T': 1698907771836, 'm': True, 'M': True}
2023-11-02 12:19:33,941 - INFO - {'e': 'aggTrade', 'E': 1698907771837, 's': 'BTCUSDT', 'a': 2745149999, 'p': '35171.16000000', 'q': '0.00021000', 'f': 3265677048, 'l': 3265677048, 'T': 1698907771836, 'm': True, 'M': True}
2023-11-02 12:19:36,008 - INFO - {'e': 'aggTrade', 'E': 1698907773589, 's': 'BTCUSDT', 'a': 2745150007, 'p': '35170.57000000', 'q': '0.20000000', 'f': 3265677079, 'l': 3265677079, 'T': 1698907773587, 'm': True, 'M': True}
2023-11-02 12:19:36,013 - INFO - {'e': 'aggTrade', 'E': 1698907773589, 's': 'BTCUSDT', 'a': 2745150007, 'p': '35170.57000000', 'q': '0.20000000', 'f': 3265677079, 'l': 3265677079, 'T': 1698907773587, 'm': True, 'M': True}
2023-11-02 12:19:38,082 - INFO - {'e': 'aggTrade', 'E': 1698907776269, 's': 'BTCUSDT', 'a': 2745150057, 'p': '35169.56000000', 'q': '0.00568000', 'f': 3265677136, 'l': 3265677136, 'T': 1698907776269, 'm': True, 'M': True}
2023-11-02 12:19:38,082 - INFO - {'e': 'aggTrade', 'E': 1698907776269, 's': 'BTCUSDT', 'a': 2745150057, 'p': '35169.56000000', 'q': '0.00568000', 'f': 3265677136, 'l': 3265677136, 'T': 1698907776269, 'm': True, 'M': True}
2023-11-02 12:19:40,162 - INFO - {'e': 'aggTrade', 'E': 1698907777544, 's': 'BTCUSDT', 'a': 2745150065, 'p': '35169.56000000', 'q': '0.00820000', 'f': 3265677144, 'l': 3265677144, 'T': 1698907777543, 'm': True, 'M': True}
2023-11-02 12:19:40,162 - INFO - {'e': 'aggTrade', 'E': 1698907777544, 's': 'BTCUSDT', 'a': 2745150065, 'p': '35169.56000000', 'q': '0.00820000', 'f': 3265677144, 'l': 3265677144, 'T': 1698907777543, 'm': True, 'M': True}
2023-11-02 12:19:42,238 - INFO - {'e': 'aggTrade', 'E': 1698907781317, 's': 'BTCUSDT', 'a': 2745150076, 'p': '35169.56000000', 'q': '0.01372000', 'f': 3265677162, 'l': 3265677162, 'T': 1698907781316, 'm': True, 'M': True}
2023-11-02 12:19:42,241 - INFO - {'e': 'aggTrade', 'E': 1698907781317, 's': 'BTCUSDT', 'a': 2745150076, 'p': '35169.56000000', 'q': '0.01372000', 'f': 3265677162, 'l': 3265677162, 'T': 1698907781316, 'm': True, 'M': True}
2023-11-02 12:19:44,314 - INFO - {'e': 'aggTrade', 'E': 1698907782396, 's': 'BTCUSDT', 'a': 2745150086, 'p': '35169.56000000', 'q': '0.01393000', 'f': 3265677173, 'l': 3265677173, 'T': 1698907782396, 'm': True, 'M': True}
2023-11-02 12:19:44,316 - INFO - {'e': 'aggTrade', 'E': 1698907782396, 's': 'BTCUSDT', 'a': 2745150086, 'p': '35169.56000000', 'q': '0.01393000', 'f': 3265677173, 'l': 3265677173, 'T': 1698907782396, 'm': True, 'M': True}
2023-11-02 12:19:46,364 - INFO - {'e': 'aggTrade', 'E': 1698907784302, 's': 'BTCUSDT', 'a': 2745150091, 'p': '35169.56000000', 'q': '0.00057000', 'f': 3265677178, 'l': 3265677178, 'T': 1698907784301, 'm': True, 'M': True}
2023-11-02 12:19:46,364 - INFO - {'e': 'aggTrade', 'E': 1698907784302, 's': 'BTCUSDT', 'a': 2745150091, 'p': '35169.56000000', 'q': '0.00057000', 'f': 3265677178, 'l': 3265677178, 'T': 1698907784301, 'm': True, 'M': True}
2023-11-02 12:19:48,455 - INFO - {'e': 'aggTrade', 'E': 1698907785155, 's': 'BTCUSDT', 'a': 2745150096, 'p': '35169.56000000', 'q': '0.00145000', 'f': 3265677193, 'l': 3265677193, 'T': 1698907785155, 'm': True, 'M': True}
2023-11-02 12:19:48,455 - INFO - {'e': 'aggTrade', 'E': 1698907785155, 's': 'BTCUSDT', 'a': 2745150096, 'p': '35169.56000000', 'q': '0.00145000', 'f': 3265677193, 'l': 3265677193, 'T': 1698907785155, 'm': True, 'M': True}
2023-11-02 12:19:50,516 - INFO - {'e': 'aggTrade', 'E': 1698907786303, 's': 'BTCUSDT', 'a': 2745150103, 'p': '35169.57000000', 'q': '0.00284000', 'f': 3265677200, 'l': 3265677200, 'T': 1698907786303, 'm': False, 'M': True}
2023-11-02 12:19:50,516 - INFO - {'e': 'aggTrade', 'E': 1698907786303, 's': 'BTCUSDT', 'a': 2745150103, 'p': '35169.57000000', 'q': '0.00284000', 'f': 3265677200, 'l': 3265677200, 'T': 1698907786303, 'm': False, 'M': True}
2023-11-02 12:19:52,572 - INFO - {'e': 'aggTrade', 'E': 1698907789097, 's': 'BTCUSDT', 'a': 2745150111, 'p': '35169.56000000', 'q': '0.00568000', 'f': 3265677209, 'l': 3265677209, 'T': 1698907789096, 'm': True, 'M': True}
2023-11-02 12:19:52,588 - INFO - {'e': 'aggTrade', 'E': 1698907789097, 's': 'BTCUSDT', 'a': 2745150111, 'p': '35169.56000000', 'q': '0.00568000', 'f': 3265677209, 'l': 3265677209, 'T': 1698907789096, 'm': True, 'M': True}
2023-11-02 12:19:54,629 - INFO - {'e': 'aggTrade', 'E': 1698907789097, 's': 'BTCUSDT', 'a': 2745150111, 'p': '35169.56000000', 'q': '0.00568000', 'f': 3265677209, 'l': 3265677209, 'T': 1698907789096, 'm': True, 'M': True}
2023-11-02 12:19:54,638 - INFO - {'e': 'aggTrade', 'E': 1698907789097, 's': 'BTCUSDT', 'a': 2745150111, 'p': '35169.56000000', 'q': '0.00568000', 'f': 3265677209, 'l': 3265677209, 'T': 1698907789096, 'm': True, 'M': True}
2023-11-02 12:19:56,689 - INFO - {'e': 'aggTrade', 'E': 1698907790785, 's': 'BTCUSDT', 'a': 2745150119, 'p': '35169.57000000', 'q': '0.04999000', 'f': 3265677217, 'l': 3265677217, 'T': 1698907790784, 'm': False, 'M': True}
2023-11-02 12:19:56,689 - INFO - {'e': 'aggTrade', 'E': 1698907790785, 's': 'BTCUSDT', 'a': 2745150119, 'p': '35169.57000000', 'q': '0.04999000', 'f': 3265677217, 'l': 3265677217, 'T': 1698907790784, 'm': False, 'M': True}
2023-11-02 12:19:58,756 - INFO - {'e': 'aggTrade', 'E': 1698907793797, 's': 'BTCUSDT', 'a': 2745150133, 'p': '35169.57000000', 'q': '0.00127000', 'f': 3265677231, 'l': 3265677231, 'T': 1698907793797, 'm': False, 'M': True}
2023-11-02 12:19:58,756 - INFO - {'e': 'aggTrade', 'E': 1698907793797, 's': 'BTCUSDT', 'a': 2745150133, 'p': '35169.57000000', 'q': '0.00127000', 'f': 3265677231, 'l': 3265677231, 'T': 1698907793797, 'm': False, 'M': True}
2023-11-02 12:20:00,815 - INFO - {'e': 'aggTrade', 'E': 1698907798663, 's': 'BTCUSDT', 'a': 2745150147, 'p': '35169.57000000', 'q': '0.01012000', 'f': 3265677251, 'l': 3265677251, 'T': 1698907798662, 'm': False, 'M': True}
2023-11-02 12:20:00,815 - INFO - {'e': 'aggTrade', 'E': 1698907798663, 's': 'BTCUSDT', 'a': 2745150147, 'p': '35169.57000000', 'q': '0.01012000', 'f': 3265677251, 'l': 3265677251, 'T': 1698907798662, 'm': False, 'M': True}
2023-11-02 12:20:02,874 - INFO - {'e': 'aggTrade', 'E': 1698907799983, 's': 'BTCUSDT', 'a': 2745150200, 'p': '35165.37000000', 'q': '0.00181000', 'f': 3265677333, 'l': 3265677333, 'T': 1698907799982, 'm': False, 'M': True}
2023-11-02 12:20:02,890 - INFO - {'e': 'aggTrade', 'E': 1698907799983, 's': 'BTCUSDT', 'a': 2745150200, 'p': '35165.37000000', 'q': '0.00181000', 'f': 3265677333, 'l': 3265677333, 'T': 1698907799982, 'm': False, 'M': True}
2023-11-02 12:20:04,950 - INFO - {'e': 'aggTrade', 'E': 1698907802101, 's': 'BTCUSDT', 'a': 2745150252, 'p': '35165.37000000', 'q': '0.02047000', 'f': 3265677385, 'l': 3265677385, 'T': 1698907802101, 'm': False, 'M': True}
2023-11-02 12:20:04,953 - INFO - {'e': 'aggTrade', 'E': 1698907802101, 's': 'BTCUSDT', 'a': 2745150252, 'p': '35165.37000000', 'q': '0.02047000', 'f': 3265677385, 'l': 3265677385, 'T': 1698907802101, 'm': False, 'M': True}
2023-11-02 12:20:07,000 - INFO - {'e': 'aggTrade', 'E': 1698907805028, 's': 'BTCUSDT', 'a': 2745150261, 'p': '35165.36000000', 'q': '0.03467000', 'f': 3265677396, 'l': 3265677396, 'T': 1698907805027, 'm': True, 'M': True}
2023-11-02 12:20:07,000 - INFO - {'e': 'aggTrade', 'E': 1698907805028, 's': 'BTCUSDT', 'a': 2745150261, 'p': '35165.36000000', 'q': '0.03467000', 'f': 3265677396, 'l': 3265677396, 'T': 1698907805027, 'm': True, 'M': True}
2023-11-02 12:20:09,068 - INFO - {'e': 'aggTrade', 'E': 1698907807004, 's': 'BTCUSDT', 'a': 2745150266, 'p': '35165.36000000', 'q': '0.00057000', 'f': 3265677402, 'l': 3265677402, 'T': 1698907807003, 'm': True, 'M': True}
2023-11-02 12:20:09,084 - INFO - {'e': 'aggTrade', 'E': 1698907807004, 's': 'BTCUSDT', 'a': 2745150266, 'p': '35165.36000000', 'q': '0.00057000', 'f': 3265677402, 'l': 3265677402, 'T': 1698907807003, 'm': True, 'M': True}
2023-11-02 12:20:11,150 - INFO - {'e': 'aggTrade', 'E': 1698907808906, 's': 'BTCUSDT', 'a': 2745150274, 'p': '35165.37000000', 'q': '0.00171000', 'f': 3265677410, 'l': 3265677410, 'T': 1698907808905, 'm': False, 'M': True}
2023-11-02 12:20:11,150 - INFO - {'e': 'aggTrade', 'E': 1698907808906, 's': 'BTCUSDT', 'a': 2745150274, 'p': '35165.37000000', 'q': '0.00171000', 'f': 3265677410, 'l': 3265677410, 'T': 1698907808905, 'm': False, 'M': True}
2023-11-02 12:20:13,221 - INFO - {'e': 'aggTrade', 'E': 1698907809386, 's': 'BTCUSDT', 'a': 2745150277, 'p': '35165.37000000', 'q': '0.00182000', 'f': 3265677413, 'l': 3265677413, 'T': 1698907809385, 'm': False, 'M': True}
2023-11-02 12:20:13,221 - INFO - {'e': 'aggTrade', 'E': 1698907809386, 's': 'BTCUSDT', 'a': 2745150277, 'p': '35165.37000000', 'q': '0.00182000', 'f': 3265677413, 'l': 3265677413, 'T': 1698907809385, 'm': False, 'M': True}
2023-11-02 12:20:15,289 - INFO - {'e': 'aggTrade', 'E': 1698907813596, 's': 'BTCUSDT', 'a': 2745150307, 'p': '35165.11000000', 'q': '0.00177000', 'f': 3265677452, 'l': 3265677452, 'T': 1698907813596, 'm': False, 'M': True}
2023-11-02 12:20:15,289 - INFO - {'e': 'aggTrade', 'E': 1698907813596, 's': 'BTCUSDT', 'a': 2745150307, 'p': '35165.11000000', 'q': '0.00177000', 'f': 3265677452, 'l': 3265677452, 'T': 1698907813596, 'm': False, 'M': True}
2023-11-02 12:20:17,344 - INFO - {'e': 'aggTrade', 'E': 1698907815461, 's': 'BTCUSDT', 'a': 2745150328, 'p': '35167.06000000', 'q': '0.02770000', 'f': 3265677490, 'l': 3265677490, 'T': 1698907815460, 'm': False, 'M': True}
2023-11-02 12:20:17,360 - INFO - {'e': 'aggTrade', 'E': 1698907815461, 's': 'BTCUSDT', 'a': 2745150328, 'p': '35167.06000000', 'q': '0.02770000', 'f': 3265677490, 'l': 3265677490, 'T': 1698907815460, 'm': False, 'M': True}
2023-11-02 12:20:19,412 - INFO - {'e': 'aggTrade', 'E': 1698907817389, 's': 'BTCUSDT', 'a': 2745150377, 'p': '35169.85000000', 'q': '0.01445000', 'f': 3265677551, 'l': 3265677554, 'T': 1698907817388, 'm': False, 'M': True}
2023-11-02 12:20:19,427 - INFO - {'e': 'aggTrade', 'E': 1698907817389, 's': 'BTCUSDT', 'a': 2745150377, 'p': '35169.85000000', 'q': '0.01445000', 'f': 3265677551, 'l': 3265677554, 'T': 1698907817388, 'm': False, 'M': True}
2023-11-02 12:20:21,457 - INFO - {'e': 'aggTrade', 'E': 1698907817389, 's': 'BTCUSDT', 'a': 2745150377, 'p': '35169.85000000', 'q': '0.01445000', 'f': 3265677551, 'l': 3265677554, 'T': 1698907817388, 'm': False, 'M': True}
2023-11-02 12:20:21,473 - INFO - {'e': 'aggTrade', 'E': 1698907817389, 's': 'BTCUSDT', 'a': 2745150377, 'p': '35169.85000000', 'q': '0.01445000', 'f': 3265677551, 'l': 3265677554, 'T': 1698907817388, 'm': False, 'M': True}
2023-11-02 12:20:23,530 - INFO - {'e': 'aggTrade', 'E': 1698907819721, 's': 'BTCUSDT', 'a': 2745150408, 'p': '35169.85000000', 'q': '0.00570000', 'f': 3265677598, 'l': 3265677600, 'T': 1698907819720, 'm': True, 'M': True}
2023-11-02 12:20:23,545 - INFO - {'e': 'aggTrade', 'E': 1698907819721, 's': 'BTCUSDT', 'a': 2745150408, 'p': '35169.85000000', 'q': '0.00570000', 'f': 3265677598, 'l': 3265677600, 'T': 1698907819720, 'm': True, 'M': True}
2023-11-02 12:20:25,608 - INFO - {'e': 'aggTrade', 'E': 1698907824008, 's': 'BTCUSDT', 'a': 2745150435, 'p': '35169.56000000', 'q': '0.04000000', 'f': 3265677628, 'l': 3265677628, 'T': 1698907824007, 'm': True, 'M': True}
2023-11-02 12:20:25,608 - INFO - {'e': 'aggTrade', 'E': 1698907824008, 's': 'BTCUSDT', 'a': 2745150435, 'p': '35169.56000000', 'q': '0.04000000', 'f': 3265677628, 'l': 3265677628, 'T': 1698907824007, 'm': True, 'M': True}
2023-11-02 12:20:27,678 - INFO - {'e': 'aggTrade', 'E': 1698907825870, 's': 'BTCUSDT', 'a': 2745150443, 'p': '35169.57000000', 'q': '0.00911000', 'f': 3265677636, 'l': 3265677636, 'T': 1698907825868, 'm': False, 'M': True}
2023-11-02 12:20:27,678 - INFO - {'e': 'aggTrade', 'E': 1698907825870, 's': 'BTCUSDT', 'a': 2745150443, 'p': '35169.57000000', 'q': '0.00911000', 'f': 3265677636, 'l': 3265677636, 'T': 1698907825868, 'm': False, 'M': True}
2023-11-02 12:20:29,769 - INFO - {'e': 'aggTrade', 'E': 1698907827844, 's': 'BTCUSDT', 'a': 2745150447, 'p': '35169.56000000', 'q': '0.00020000', 'f': 3265677640, 'l': 3265677640, 'T': 1698907827843, 'm': True, 'M': True}
2023-11-02 12:20:29,772 - INFO - {'e': 'aggTrade', 'E': 1698907827844, 's': 'BTCUSDT', 'a': 2745150447, 'p': '35169.56000000', 'q': '0.00020000', 'f': 3265677640, 'l': 3265677640, 'T': 1698907827843, 'm': True, 'M': True}
2023-11-02 12:20:31,823 - INFO - {'e': 'aggTrade', 'E': 1698907829112, 's': 'BTCUSDT', 'a': 2745150460, 'p': '35170.57000000', 'q': '0.00790000', 'f': 3265677665, 'l': 3265677665, 'T': 1698907829111, 'm': True, 'M': True}
2023-11-02 12:20:31,839 - INFO - {'e': 'aggTrade', 'E': 1698907829112, 's': 'BTCUSDT', 'a': 2745150460, 'p': '35170.57000000', 'q': '0.00790000', 'f': 3265677665, 'l': 3265677665, 'T': 1698907829111, 'm': True, 'M': True}
2023-11-02 12:20:33,871 - INFO - {'e': 'aggTrade', 'E': 1698907829112, 's': 'BTCUSDT', 'a': 2745150460, 'p': '35170.57000000', 'q': '0.00790000', 'f': 3265677665, 'l': 3265677665, 'T': 1698907829111, 'm': True, 'M': True}
2023-11-02 12:20:33,886 - INFO - {'e': 'aggTrade', 'E': 1698907829112, 's': 'BTCUSDT', 'a': 2745150460, 'p': '35170.57000000', 'q': '0.00790000', 'f': 3265677665, 'l': 3265677665, 'T': 1698907829111, 'm': True, 'M': True}
2023-11-02 12:20:35,936 - INFO - {'e': 'aggTrade', 'E': 1698907829670, 's': 'BTCUSDT', 'a': 2745150464, 'p': '35170.58000000', 'q': '0.00058000', 'f': 3265677669, 'l': 3265677669, 'T': 1698907829669, 'm': False, 'M': True}
2023-11-02 12:20:35,936 - INFO - {'e': 'aggTrade', 'E': 1698907829670, 's': 'BTCUSDT', 'a': 2745150464, 'p': '35170.58000000', 'q': '0.00058000', 'f': 3265677669, 'l': 3265677669, 'T': 1698907829669, 'm': False, 'M': True}
2023-11-02 12:20:37,999 - INFO - {'e': 'aggTrade', 'E': 1698907829735, 's': 'BTCUSDT', 'a': 2745150465, 'p': '35170.58000000', 'q': '0.01499000', 'f': 3265677670, 'l': 3265677670, 'T': 1698907829735, 'm': False, 'M': True}
2023-11-02 12:20:38,015 - INFO - {'e': 'aggTrade', 'E': 1698907829735, 's': 'BTCUSDT', 'a': 2745150465, 'p': '35170.58000000', 'q': '0.01499000', 'f': 3265677670, 'l': 3265677670, 'T': 1698907829735, 'm': False, 'M': True}
2023-11-02 12:20:40,064 - INFO - {'e': 'aggTrade', 'E': 1698907835077, 's': 'BTCUSDT', 'a': 2745150491, 'p': '35170.57000000', 'q': '0.10662000', 'f': 3265677701, 'l': 3265677701, 'T': 1698907835077, 'm': True, 'M': True}
2023-11-02 12:20:40,080 - INFO - {'e': 'aggTrade', 'E': 1698907835077, 's': 'BTCUSDT', 'a': 2745150491, 'p': '35170.57000000', 'q': '0.10662000', 'f': 3265677701, 'l': 3265677701, 'T': 1698907835077, 'm': True, 'M': True}
2023-11-02 12:20:42,166 - INFO - {'e': 'aggTrade', 'E': 1698907835077, 's': 'BTCUSDT', 'a': 2745150491, 'p': '35170.57000000', 'q': '0.10662000', 'f': 3265677701, 'l': 3265677701, 'T': 1698907835077, 'm': True, 'M': True}
2023-11-02 12:20:42,166 - INFO - {'e': 'aggTrade', 'E': 1698907835077, 's': 'BTCUSDT', 'a': 2745150491, 'p': '35170.57000000', 'q': '0.10662000', 'f': 3265677701, 'l': 3265677701, 'T': 1698907835077, 'm': True, 'M': True}
2023-11-02 12:20:44,222 - INFO - {'e': 'aggTrade', 'E': 1698907836291, 's': 'BTCUSDT', 'a': 2745150498, 'p': '35170.73000000', 'q': '0.00070000', 'f': 3265677712, 'l': 3265677712, 'T': 1698907836290, 'm': False, 'M': True}
2023-11-02 12:20:44,222 - INFO - {'e': 'aggTrade', 'E': 1698907836291, 's': 'BTCUSDT', 'a': 2745150498, 'p': '35170.73000000', 'q': '0.00070000', 'f': 3265677712, 'l': 3265677712, 'T': 1698907836290, 'm': False, 'M': True}
2023-11-02 12:20:46,285 - INFO - {'e': 'aggTrade', 'E': 1698907836291, 's': 'BTCUSDT', 'a': 2745150498, 'p': '35170.73000000', 'q': '0.00070000', 'f': 3265677712, 'l': 3265677712, 'T': 1698907836290, 'm': False, 'M': True}
2023-11-02 12:20:46,287 - INFO - {'e': 'aggTrade', 'E': 1698907836291, 's': 'BTCUSDT', 'a': 2745150498, 'p': '35170.73000000', 'q': '0.00070000', 'f': 3265677712, 'l': 3265677712, 'T': 1698907836290, 'm': False, 'M': True}
2023-11-02 19:34:14,127 - ERROR - Exception Occured HTTPConnectionPool(host='localhost', port=5000): Max retries exceeded with url: /ltm (Caused by NewConnectionError('<urllib3.connection.HTTPConnection object at 0x00000249291133D0>: Failed to establish a new connection: [WinError 10061] No connection could be made because the target machine actively refused it'))
2023-11-02 19:34:14,127 - ERROR - No data available
2023-11-02 19:34:18,210 - ERROR - Exception Occured HTTPConnectionPool(host='localhost', port=5000): Max retries exceeded with url: /ltm (Caused by NewConnectionError('<urllib3.connection.HTTPConnection object at 0x00000249291255D0>: Failed to establish a new connection: [WinError 10061] No connection could be made because the target machine actively refused it'))
2023-11-02 19:34:18,210 - ERROR - No data available
2023-11-02 19:34:22,276 - ERROR - Exception Occured HTTPConnectionPool(host='localhost', port=5000): Max retries exceeded with url: /ltm (Caused by NewConnectionError('<urllib3.connection.HTTPConnection object at 0x0000024929127850>: Failed to establish a new connection: [WinError 10061] No connection could be made because the target machine actively refused it'))
2023-11-02 19:34:22,276 - ERROR - No data available
2023-11-02 19:34:26,355 - ERROR - Exception Occured HTTPConnectionPool(host='localhost', port=5000): Max retries exceeded with url: /ltm (Caused by NewConnectionError('<urllib3.connection.HTTPConnection object at 0x0000024929135810>: Failed to establish a new connection: [WinError 10061] No connection could be made because the target machine actively refused it'))
2023-11-02 19:34:26,358 - ERROR - No data available
2023-11-02 19:34:30,397 - ERROR - Exception Occured HTTPConnectionPool(host='localhost', port=5000): Max retries exceeded with url: /ltm (Caused by NewConnectionError('<urllib3.connection.HTTPConnection object at 0x0000024929137750>: Failed to establish a new connection: [WinError 10061] No connection could be made because the target machine actively refused it'))
2023-11-02 19:34:30,397 - ERROR - No data available
2023-11-02 19:34:44,337 - ERROR - Exception Occured HTTPConnectionPool(host='localhost', port=5000): Max retries exceeded with url: /ltm (Caused by NewConnectionError('<urllib3.connection.HTTPConnection object at 0x000001A0971D2D10>: Failed to establish a new connection: [WinError 10061] No connection could be made because the target machine actively refused it'))
2023-11-02 19:34:44,338 - ERROR - No data available
2023-11-02 19:34:48,404 - ERROR - Exception Occured HTTPConnectionPool(host='localhost', port=5000): Max retries exceeded with url: /ltm (Caused by NewConnectionError('<urllib3.connection.HTTPConnection object at 0x000001A097235690>: Failed to establish a new connection: [WinError 10061] No connection could be made because the target machine actively refused it'))
2023-11-02 19:34:48,404 - ERROR - No data available
2023-11-02 19:34:52,458 - ERROR - Exception Occured HTTPConnectionPool(host='localhost', port=5000): Max retries exceeded with url: /ltm (Caused by NewConnectionError('<urllib3.connection.HTTPConnection object at 0x000001A097237950>: Failed to establish a new connection: [WinError 10061] No connection could be made because the target machine actively refused it'))
2023-11-02 19:34:52,458 - ERROR - No data available
2023-11-02 19:35:10,079 - INFO - {'e': 'aggTrade', 'E': 1698933910216, 's': 'BTCUSDT', 'a': 2745455180, 'p': '34961.19000000', 'q': '0.00312000', 'f': 3266078311, 'l': 3266078312, 'T': 1698933910215, 'm': False, 'M': True}
2023-11-02 19:35:10,081 - INFO - {'e': 'aggTrade', 'E': 1698933910216, 's': 'BTCUSDT', 'a': 2745455180, 'p': '34961.19000000', 'q': '0.00312000', 'f': 3266078311, 'l': 3266078312, 'T': 1698933910215, 'm': False, 'M': True}
2023-11-02 19:35:12,101 - INFO - {'e': 'aggTrade', 'E': 1698933911815, 's': 'BTCUSDT', 'a': 2745455195, 'p': '34962.39000000', 'q': '0.00300000', 'f': 3266078332, 'l': 3266078332, 'T': 1698933911814, 'm': True, 'M': True}
2023-11-02 19:35:12,101 - INFO - {'e': 'aggTrade', 'E': 1698933911815, 's': 'BTCUSDT', 'a': 2745455195, 'p': '34962.39000000', 'q': '0.00300000', 'f': 3266078332, 'l': 3266078332, 'T': 1698933911814, 'm': True, 'M': True}
2023-11-02 19:35:14,148 - INFO - {'e': 'aggTrade', 'E': 1698933914324, 's': 'BTCUSDT', 'a': 2745455205, 'p': '34962.39000000', 'q': '0.01590000', 'f': 3266078342, 'l': 3266078342, 'T': 1698933914324, 'm': True, 'M': True}
2023-11-02 19:35:14,148 - INFO - {'e': 'aggTrade', 'E': 1698933914324, 's': 'BTCUSDT', 'a': 2745455205, 'p': '34962.39000000', 'q': '0.01590000', 'f': 3266078342, 'l': 3266078342, 'T': 1698933914324, 'm': True, 'M': True}
2023-11-02 20:49:23,321 - INFO - {'e': 'aggTrade', 'E': 1698938359261, 'a': 159580586, 's': 'BTCUSDT', 'p': '34812.00', 'q': '0.003', 'f': 271832792, 'l': 271832792, 'T': 1698938359108, 'm': False}
2023-11-02 20:49:23,337 - INFO - {'e': 'aggTrade', 'E': 1698938359261, 'a': 159580586, 's': 'BTCUSDT', 'p': '34812.00', 'q': '0.003', 'f': 271832792, 'l': 271832792, 'T': 1698938359108, 'm': False}
2023-11-02 20:49:25,379 - INFO - {'e': 'aggTrade', 'E': 1698938359261, 'a': 159580586, 's': 'BTCUSDT', 'p': '34812.00', 'q': '0.003', 'f': 271832792, 'l': 271832792, 'T': 1698938359108, 'm': False}
2023-11-02 20:49:25,379 - INFO - {'e': 'aggTrade', 'E': 1698938359261, 'a': 159580586, 's': 'BTCUSDT', 'p': '34812.00', 'q': '0.003', 'f': 271832792, 'l': 271832792, 'T': 1698938359108, 'm': False}
2023-11-02 20:49:27,427 - INFO - {'e': 'aggTrade', 'E': 1698938366114, 'a': 159580591, 's': 'BTCUSDT', 'p': '34817.90', 'q': '0.099', 'f': 271832797, 'l': 271832797, 'T': 1698938365957, 'm': False}
2023-11-02 20:49:27,427 - INFO - {'e': 'aggTrade', 'E': 1698938366114, 'a': 159580591, 's': 'BTCUSDT', 'p': '34817.90', 'q': '0.099', 'f': 271832797, 'l': 271832797, 'T': 1698938365957, 'm': False}
2023-11-02 20:49:29,462 - INFO - {'e': 'aggTrade', 'E': 1698938367900, 'a': 159580592, 's': 'BTCUSDT', 'p': '34801.30', 'q': '0.010', 'f': 271832798, 'l': 271832798, 'T': 1698938367743, 'm': True}
2023-11-02 20:49:29,462 - INFO - {'e': 'aggTrade', 'E': 1698938367900, 'a': 159580592, 's': 'BTCUSDT', 'p': '34801.30', 'q': '0.010', 'f': 271832798, 'l': 271832798, 'T': 1698938367743, 'm': True}
2023-11-02 20:49:31,519 - INFO - {'e': 'aggTrade', 'E': 1698938371736, 'a': 159580594, 's': 'BTCUSDT', 'p': '34800.60', 'q': '0.057', 'f': 271832801, 'l': 271832801, 'T': 1698938371577, 'm': True}
2023-11-02 20:49:31,522 - INFO - {'e': 'aggTrade', 'E': 1698938371736, 'a': 159580594, 's': 'BTCUSDT', 'p': '34800.60', 'q': '0.057', 'f': 271832801, 'l': 271832801, 'T': 1698938371577, 'm': True}
2023-11-02 20:49:33,553 - INFO - {'e': 'aggTrade', 'E': 1698938371736, 'a': 159580594, 's': 'BTCUSDT', 'p': '34800.60', 'q': '0.057', 'f': 271832801, 'l': 271832801, 'T': 1698938371577, 'm': True}
2023-11-02 20:49:33,553 - INFO - {'e': 'aggTrade', 'E': 1698938371736, 'a': 159580594, 's': 'BTCUSDT', 'p': '34800.60', 'q': '0.057', 'f': 271832801, 'l': 271832801, 'T': 1698938371577, 'm': True}
2023-11-02 20:49:35,607 - INFO - {'e': 'aggTrade', 'E': 1698938371736, 'a': 159580594, 's': 'BTCUSDT', 'p': '34800.60', 'q': '0.057', 'f': 271832801, 'l': 271832801, 'T': 1698938371577, 'm': True}
2023-11-02 20:49:35,607 - INFO - {'e': 'aggTrade', 'E': 1698938371736, 'a': 159580594, 's': 'BTCUSDT', 'p': '34800.60', 'q': '0.057', 'f': 271832801, 'l': 271832801, 'T': 1698938371577, 'm': True}
2023-11-02 20:49:37,652 - INFO - {'e': 'aggTrade', 'E': 1698938371736, 'a': 159580594, 's': 'BTCUSDT', 'p': '34800.60', 'q': '0.057', 'f': 271832801, 'l': 271832801, 'T': 1698938371577, 'm': True}
2023-11-02 20:49:37,652 - INFO - {'e': 'aggTrade', 'E': 1698938371736, 'a': 159580594, 's': 'BTCUSDT', 'p': '34800.60', 'q': '0.057', 'f': 271832801, 'l': 271832801, 'T': 1698938371577, 'm': True}
2023-11-02 20:49:39,701 - INFO - {'e': 'aggTrade', 'E': 1698938371736, 'a': 159580594, 's': 'BTCUSDT', 'p': '34800.60', 'q': '0.057', 'f': 271832801, 'l': 271832801, 'T': 1698938371577, 'm': True}
2023-11-02 20:49:39,701 - INFO - {'e': 'aggTrade', 'E': 1698938371736, 'a': 159580594, 's': 'BTCUSDT', 'p': '34800.60', 'q': '0.057', 'f': 271832801, 'l': 271832801, 'T': 1698938371577, 'm': True}
2023-11-02 20:49:41,743 - INFO - {'e': 'aggTrade', 'E': 1698938380854, 'a': 159580595, 's': 'BTCUSDT', 'p': '34798.30', 'q': '0.028', 'f': 271832802, 'l': 271832802, 'T': 1698938380698, 'm': True}
2023-11-02 20:49:41,743 - INFO - {'e': 'aggTrade', 'E': 1698938380854, 'a': 159580595, 's': 'BTCUSDT', 'p': '34798.30', 'q': '0.028', 'f': 271832802, 'l': 271832802, 'T': 1698938380698, 'm': True}
2023-11-02 20:49:43,806 - INFO - {'e': 'aggTrade', 'E': 1698938383803, 'a': 159580596, 's': 'BTCUSDT', 'p': '34798.00', 'q': '2.044', 'f': 271832803, 'l': 271832803, 'T': 1698938383648, 'm': True}
2023-11-02 20:49:43,808 - INFO - {'e': 'aggTrade', 'E': 1698938383803, 'a': 159580596, 's': 'BTCUSDT', 'p': '34798.00', 'q': '2.044', 'f': 271832803, 'l': 271832803, 'T': 1698938383648, 'm': True}
2023-11-02 20:49:45,844 - INFO - {'e': 'aggTrade', 'E': 1698938385879, 'a': 159580600, 's': 'BTCUSDT', 'p': '34797.80', 'q': '1.542', 'f': 271832807, 'l': 271832807, 'T': 1698938385723, 'm': True}
2023-11-02 20:49:45,845 - INFO - {'e': 'aggTrade', 'E': 1698938385879, 'a': 159580600, 's': 'BTCUSDT', 'p': '34797.80', 'q': '1.542', 'f': 271832807, 'l': 271832807, 'T': 1698938385723, 'm': True}
2023-11-02 20:49:47,874 - INFO - {'e': 'aggTrade', 'E': 1698938385879, 'a': 159580600, 's': 'BTCUSDT', 'p': '34797.80', 'q': '1.542', 'f': 271832807, 'l': 271832807, 'T': 1698938385723, 'm': True}
2023-11-02 20:49:47,874 - INFO - {'e': 'aggTrade', 'E': 1698938385879, 'a': 159580600, 's': 'BTCUSDT', 'p': '34797.80', 'q': '1.542', 'f': 271832807, 'l': 271832807, 'T': 1698938385723, 'm': True}
2023-11-02 20:49:49,940 - INFO - {'e': 'aggTrade', 'E': 1698938389698, 'a': 159580604, 's': 'BTCUSDT', 'p': '34801.30', 'q': '24.076', 'f': 271832812, 'l': 271832812, 'T': 1698938389538, 'm': False}
2023-11-02 20:49:49,940 - INFO - {'e': 'aggTrade', 'E': 1698938389698, 'a': 159580604, 's': 'BTCUSDT', 'p': '34801.30', 'q': '24.076', 'f': 271832812, 'l': 271832812, 'T': 1698938389538, 'm': False}
2023-11-02 20:49:51,996 - INFO - {'e': 'aggTrade', 'E': 1698938391809, 'a': 159580605, 's': 'BTCUSDT', 'p': '34795.00', 'q': '59.919', 'f': 271832813, 'l': 271832813, 'T': 1698938391654, 'm': True}
2023-11-02 20:49:51,996 - INFO - {'e': 'aggTrade', 'E': 1698938391809, 'a': 159580605, 's': 'BTCUSDT', 'p': '34795.00', 'q': '59.919', 'f': 271832813, 'l': 271832813, 'T': 1698938391654, 'm': True}
2023-11-02 20:49:54,068 - INFO - {'e': 'aggTrade', 'E': 1698938392730, 'a': 159580606, 's': 'BTCUSDT', 'p': '34795.00', 'q': '0.028', 'f': 271832814, 'l': 271832814, 'T': 1698938392575, 'm': True}
2023-11-02 20:49:54,071 - INFO - {'e': 'aggTrade', 'E': 1698938392730, 'a': 159580606, 's': 'BTCUSDT', 'p': '34795.00', 'q': '0.028', 'f': 271832814, 'l': 271832814, 'T': 1698938392575, 'm': True}
