2023-10-31 15:23:22,796 - INFO - {'e': 'aggTrade', 'E': 1698746003412, 's': 'BTCUSDT', 'a': 2742987769, 'p': '34430.96000000', 'q': '0.00017000', 'f': 3262889445, 'l': 3262889445, 'T': 1698746003412, 'm': True, 'M': True}
2023-10-31 15:23:22,804 - INFO - {'e': 'aggTrade', 'E': 1698746003412, 's': 'BTCUSDT', 'a': 2742987769, 'p': '34430.96000000', 'q': '0.00017000', 'f': 3262889445, 'l': 3262889445, 'T': 1698746003412, 'm': True, 'M': True}
2023-10-31 15:23:24,859 - INFO - {'e': 'aggTrade', 'E': 1698746004975, 's': 'BTCUSDT', 'a': 2742987773, 'p': '34430.96000000', 'q': '0.01401000', 'f': 3262889450, 'l': 3262889450, 'T': 1698746004975, 'm': True, 'M': True}
2023-10-31 15:23:24,876 - INFO - {'e': 'aggTrade', 'E': 1698746004975, 's': 'BTCUSDT', 'a': 2742987773, 'p': '34430.96000000', 'q': '0.01401000', 'f': 3262889450, 'l': 3262889450, 'T': 1698746004975, 'm': True, 'M': True}
2023-10-31 15:23:26,937 - INFO - {'e': 'aggTrade', 'E': 1698746007683, 's': 'BTCUSDT', 'a': 2742987784, 'p': '34430.96000000', 'q': '0.00201000', 'f': 3262889462, 'l': 3262889462, 'T': 1698746007682, 'm': True, 'M': True}
2023-10-31 15:23:26,937 - INFO - {'e': 'aggTrade', 'E': 1698746007683, 's': 'BTCUSDT', 'a': 2742987784, 'p': '34430.96000000', 'q': '0.00201000', 'f': 3262889462, 'l': 3262889462, 'T': 1698746007682, 'm': True, 'M': True}
2023-10-31 15:23:28,980 - INFO - {'e': 'aggTrade', 'E': 1698746009358, 's': 'BTCUSDT', 'a': 2742987789, 'p': '34430.96000000', 'q': '0.00095000', 'f': 3262889467, 'l': 3262889467, 'T': 1698746009358, 'm': True, 'M': True}
2023-10-31 15:23:28,980 - INFO - {'e': 'aggTrade', 'E': 1698746009358, 's': 'BTCUSDT', 'a': 2742987789, 'p': '34430.96000000', 'q': '0.00095000', 'f': 3262889467, 'l': 3262889467, 'T': 1698746009358, 'm': True, 'M': True}
2023-10-31 15:23:31,038 - INFO - {'e': 'aggTrade', 'E': 1698746011792, 's': 'BTCUSDT', 'a': 2742987797, 'p': '34430.96000000', 'q': '0.00032000', 'f': 3262889475, 'l': 3262889475, 'T': 1698746011791, 'm': True, 'M': True}
2023-10-31 15:23:31,038 - INFO - {'e': 'aggTrade', 'E': 1698746011792, 's': 'BTCUSDT', 'a': 2742987797, 'p': '34430.96000000', 'q': '0.00032000', 'f': 3262889475, 'l': 3262889475, 'T': 1698746011791, 'm': True, 'M': True}
2023-10-31 15:23:33,060 - INFO - {'e': 'aggTrade', 'E': 1698746013621, 's': 'BTCUSDT', 'a': 2742987799, 'p': '34430.96000000', 'q': '0.03443000', 'f': 3262889477, 'l': 3262889479, 'T': 1698746013620, 'm': True, 'M': True}
2023-10-31 15:23:33,060 - INFO - {'e': 'aggTrade', 'E': 1698746013621, 's': 'BTCUSDT', 'a': 2742987799, 'p': '34430.96000000', 'q': '0.03443000', 'f': 3262889477, 'l': 3262889479, 'T': 1698746013620, 'm': True, 'M': True}
2023-10-31 15:23:35,133 - INFO - {'e': 'aggTrade', 'E': 1698746015626, 's': 'BTCUSDT', 'a': 2742987804, 'p': '34430.97000000', 'q': '0.00290000', 'f': 3262889484, 'l': 3262889484, 'T': 1698746015626, 'm': False, 'M': True}
2023-10-31 15:23:35,133 - INFO - {'e': 'aggTrade', 'E': 1698746015626, 's': 'BTCUSDT', 'a': 2742987804, 'p': '34430.97000000', 'q': '0.00290000', 'f': 3262889484, 'l': 3262889484, 'T': 1698746015626, 'm': False, 'M': True}
2023-10-31 15:25:13,225 - INFO - {'e': 'aggTrade', 'E': 1698746113890, 's': 'BTCUSDT', 'a': 2742988717, 'p': '34445.07000000', 'q': '0.00130000', 'f': 3262890673, 'l': 3262890673, 'T': 1698746113889, 'm': True, 'M': True}
2023-10-31 15:25:13,225 - INFO - {'e': 'aggTrade', 'E': 1698746113890, 's': 'BTCUSDT', 'a': 2742988717, 'p': '34445.07000000', 'q': '0.00130000', 'f': 3262890673, 'l': 3262890673, 'T': 1698746113889, 'm': True, 'M': True}
2023-10-31 15:25:15,269 - INFO - {'e': 'aggTrade', 'E': 1698746116112, 's': 'BTCUSDT', 'a': 2742988729, 'p': '34445.08000000', 'q': '0.00084000', 'f': 3262890686, 'l': 3262890686, 'T': 1698746116111, 'm': False, 'M': True}
2023-10-31 15:25:15,269 - INFO - {'e': 'aggTrade', 'E': 1698746116112, 's': 'BTCUSDT', 'a': 2742988729, 'p': '34445.08000000', 'q': '0.00084000', 'f': 3262890686, 'l': 3262890686, 'T': 1698746116111, 'm': False, 'M': True}
2023-10-31 15:25:17,305 - INFO - {'e': 'aggTrade', 'E': 1698746118211, 's': 'BTCUSDT', 'a': 2742988737, 'p': '34445.08000000', 'q': '0.00034000', 'f': 3262890694, 'l': 3262890694, 'T': 1698746118210, 'm': False, 'M': True}
2023-10-31 15:25:17,306 - INFO - {'e': 'aggTrade', 'E': 1698746118211, 's': 'BTCUSDT', 'a': 2742988737, 'p': '34445.08000000', 'q': '0.00034000', 'f': 3262890694, 'l': 3262890694, 'T': 1698746118210, 'm': False, 'M': True}
2023-10-31 15:25:19,356 - INFO - {'e': 'aggTrade', 'E': 1698746120198, 's': 'BTCUSDT', 'a': 2742988774, 'p': '34442.83000000', 'q': '0.00020000', 'f': 3262890754, 'l': 3262890754, 'T': 1698746120198, 'm': True, 'M': True}
2023-10-31 15:25:19,356 - INFO - {'e': 'aggTrade', 'E': 1698746120198, 's': 'BTCUSDT', 'a': 2742988774, 'p': '34442.83000000', 'q': '0.00020000', 'f': 3262890754, 'l': 3262890754, 'T': 1698746120198, 'm': True, 'M': True}
2023-10-31 15:25:21,431 - INFO - {'e': 'aggTrade', 'E': 1698746122352, 's': 'BTCUSDT', 'a': 2742988784, 'p': '34442.83000000', 'q': '0.00593000', 'f': 3262890765, 'l': 3262890765, 'T': 1698746122351, 'm': True, 'M': True}
2023-10-31 15:25:21,432 - INFO - {'e': 'aggTrade', 'E': 1698746122352, 's': 'BTCUSDT', 'a': 2742988784, 'p': '34442.83000000', 'q': '0.00593000', 'f': 3262890765, 'l': 3262890765, 'T': 1698746122351, 'm': True, 'M': True}
2023-10-31 15:25:23,463 - INFO - {'e': 'aggTrade', 'E': 1698746124389, 's': 'BTCUSDT', 'a': 2742988797, 'p': '34442.84000000', 'q': '0.00134000', 'f': 3262890778, 'l': 3262890778, 'T': 1698746124386, 'm': False, 'M': True}
2023-10-31 15:25:23,464 - INFO - {'e': 'aggTrade', 'E': 1698746124389, 's': 'BTCUSDT', 'a': 2742988797, 'p': '34442.84000000', 'q': '0.00134000', 'f': 3262890778, 'l': 3262890778, 'T': 1698746124386, 'm': False, 'M': True}
2023-10-31 15:25:25,487 - INFO - {'e': 'aggTrade', 'E': 1698746126354, 's': 'BTCUSDT', 'a': 2742988815, 'p': '34442.84000000', 'q': '0.01230000', 'f': 3262890799, 'l': 3262890799, 'T': 1698746126353, 'm': False, 'M': True}
2023-10-31 15:25:25,487 - INFO - {'e': 'aggTrade', 'E': 1698746126354, 's': 'BTCUSDT', 'a': 2742988815, 'p': '34442.84000000', 'q': '0.01230000', 'f': 3262890799, 'l': 3262890799, 'T': 1698746126353, 'm': False, 'M': True}
2023-10-31 15:25:27,553 - INFO - {'e': 'aggTrade', 'E': 1698746128089, 's': 'BTCUSDT', 'a': 2742988835, 'p': '34442.83000000', 'q': '0.00399000', 'f': 3262890827, 'l': 3262890827, 'T': 1698746128089, 'm': True, 'M': True}
2023-10-31 15:25:27,556 - INFO - {'e': 'aggTrade', 'E': 1698746128089, 's': 'BTCUSDT', 'a': 2742988835, 'p': '34442.83000000', 'q': '0.00399000', 'f': 3262890827, 'l': 3262890827, 'T': 1698746128089, 'm': True, 'M': True}
2023-10-31 15:25:29,598 - INFO - {'e': 'aggTrade', 'E': 1698746129829, 's': 'BTCUSDT', 'a': 2742988843, 'p': '34442.83000000', 'q': '2.61642000', 'f': 3262890840, 'l': 3262890846, 'T': 1698746129828, 'm': True, 'M': True}
2023-10-31 15:25:29,598 - INFO - {'e': 'aggTrade', 'E': 1698746129829, 's': 'BTCUSDT', 'a': 2742988843, 'p': '34442.83000000', 'q': '2.61642000', 'f': 3262890840, 'l': 3262890846, 'T': 1698746129828, 'm': True, 'M': True}
2023-10-31 15:25:31,642 - INFO - {'e': 'aggTrade', 'E': 1698746132049, 's': 'BTCUSDT', 'a': 2742988850, 'p': '34442.84000000', 'q': '0.00208000', 'f': 3262890853, 'l': 3262890853, 'T': 1698746132048, 'm': False, 'M': True}
2023-10-31 15:25:31,642 - INFO - {'e': 'aggTrade', 'E': 1698746132049, 's': 'BTCUSDT', 'a': 2742988850, 'p': '34442.84000000', 'q': '0.00208000', 'f': 3262890853, 'l': 3262890853, 'T': 1698746132048, 'm': False, 'M': True}
2023-10-31 15:25:33,693 - INFO - {'e': 'aggTrade', 'E': 1698746134617, 's': 'BTCUSDT', 'a': 2742988863, 'p': '34442.84000000', 'q': '0.00200000', 'f': 3262890874, 'l': 3262890874, 'T': 1698746134616, 'm': False, 'M': True}
2023-10-31 15:25:33,693 - INFO - {'e': 'aggTrade', 'E': 1698746134617, 's': 'BTCUSDT', 'a': 2742988863, 'p': '34442.84000000', 'q': '0.00200000', 'f': 3262890874, 'l': 3262890874, 'T': 1698746134616, 'm': False, 'M': True}
2023-10-31 15:25:35,728 - INFO - {'e': 'aggTrade', 'E': 1698746136446, 's': 'BTCUSDT', 'a': 2742988889, 'p': '34444.73000000', 'q': '0.03100000', 'f': 3262890911, 'l': 3262890914, 'T': 1698746136445, 'm': False, 'M': True}
2023-10-31 15:25:35,728 - INFO - {'e': 'aggTrade', 'E': 1698746136446, 's': 'BTCUSDT', 'a': 2742988889, 'p': '34444.73000000', 'q': '0.03100000', 'f': 3262890911, 'l': 3262890914, 'T': 1698746136445, 'm': False, 'M': True}
2023-10-31 15:25:37,758 - INFO - {'e': 'aggTrade', 'E': 1698746138688, 's': 'BTCUSDT', 'a': 2742988897, 'p': '34444.72000000', 'q': '0.00057000', 'f': 3262890926, 'l': 3262890926, 'T': 1698746138687, 'm': True, 'M': True}
2023-10-31 15:25:37,758 - INFO - {'e': 'aggTrade', 'E': 1698746138688, 's': 'BTCUSDT', 'a': 2742988897, 'p': '34444.72000000', 'q': '0.00057000', 'f': 3262890926, 'l': 3262890926, 'T': 1698746138687, 'm': True, 'M': True}
2023-10-31 15:25:39,810 - INFO - {'e': 'aggTrade', 'E': 1698746140767, 's': 'BTCUSDT', 'a': 2742988962, 'p': '34446.75000000', 'q': '0.01067000', 'f': 3262891042, 'l': 3262891042, 'T': 1698746140766, 'm': True, 'M': True}
2023-10-31 15:25:39,810 - INFO - {'e': 'aggTrade', 'E': 1698746140767, 's': 'BTCUSDT', 'a': 2742988962, 'p': '34446.75000000', 'q': '0.01067000', 'f': 3262891042, 'l': 3262891042, 'T': 1698746140766, 'm': True, 'M': True}
2023-10-31 15:25:41,859 - INFO - {'e': 'aggTrade', 'E': 1698746142642, 's': 'BTCUSDT', 'a': 2742988983, 'p': '34447.05000000', 'q': '0.00500000', 'f': 3262891068, 'l': 3262891070, 'T': 1698746142641, 'm': False, 'M': True}
2023-10-31 15:25:41,859 - INFO - {'e': 'aggTrade', 'E': 1698746142642, 's': 'BTCUSDT', 'a': 2742988983, 'p': '34447.05000000', 'q': '0.00500000', 'f': 3262891068, 'l': 3262891070, 'T': 1698746142641, 'm': False, 'M': True}
2023-10-31 15:25:43,886 - INFO - {'e': 'aggTrade', 'E': 1698746144611, 's': 'BTCUSDT', 'a': 2742989031, 'p': '34448.99000000', 'q': '0.01000000', 'f': 3262891134, 'l': 3262891134, 'T': 1698746144610, 'm': False, 'M': True}
2023-10-31 15:25:43,886 - INFO - {'e': 'aggTrade', 'E': 1698746144611, 's': 'BTCUSDT', 'a': 2742989031, 'p': '34448.99000000', 'q': '0.01000000', 'f': 3262891134, 'l': 3262891134, 'T': 1698746144610, 'm': False, 'M': True}
2023-10-31 15:25:45,947 - INFO - {'e': 'aggTrade', 'E': 1698746146660, 's': 'BTCUSDT', 'a': 2742989053, 'p': '34448.99000000', 'q': '0.00133000', 'f': 3262891156, 'l': 3262891156, 'T': 1698746146659, 'm': False, 'M': True}
2023-10-31 15:25:45,947 - INFO - {'e': 'aggTrade', 'E': 1698746146660, 's': 'BTCUSDT', 'a': 2742989053, 'p': '34448.99000000', 'q': '0.00133000', 'f': 3262891156, 'l': 3262891156, 'T': 1698746146659, 'm': False, 'M': True}
2023-10-31 15:25:47,993 - INFO - {'e': 'aggTrade', 'E': 1698746148883, 's': 'BTCUSDT', 'a': 2742989467, 'p': '34455.89000000', 'q': '0.56278000', 'f': 3262891715, 'l': 3262891716, 'T': 1698746148883, 'm': True, 'M': True}
2023-10-31 15:25:47,993 - INFO - {'e': 'aggTrade', 'E': 1698746148883, 's': 'BTCUSDT', 'a': 2742989467, 'p': '34455.89000000', 'q': '0.56278000', 'f': 3262891715, 'l': 3262891716, 'T': 1698746148883, 'm': True, 'M': True}
2023-10-31 15:25:50,031 - INFO - {'e': 'aggTrade', 'E': 1698746150931, 's': 'BTCUSDT', 'a': 2742989487, 'p': '34452.98000000', 'q': '0.00260000', 'f': 3262891748, 'l': 3262891748, 'T': 1698746150931, 'm': False, 'M': True}
2023-10-31 15:25:50,047 - INFO - {'e': 'aggTrade', 'E': 1698746150931, 's': 'BTCUSDT', 'a': 2742989487, 'p': '34452.98000000', 'q': '0.00260000', 'f': 3262891748, 'l': 3262891748, 'T': 1698746150931, 'm': False, 'M': True}
2023-10-31 15:25:52,081 - INFO - {'e': 'aggTrade', 'E': 1698746153006, 's': 'BTCUSDT', 'a': 2742989495, 'p': '34452.97000000', 'q': '0.00245000', 'f': 3262891756, 'l': 3262891756, 'T': 1698746153006, 'm': True, 'M': True}
2023-10-31 15:25:52,081 - INFO - {'e': 'aggTrade', 'E': 1698746153006, 's': 'BTCUSDT', 'a': 2742989495, 'p': '34452.97000000', 'q': '0.00245000', 'f': 3262891756, 'l': 3262891756, 'T': 1698746153006, 'm': True, 'M': True}
2023-10-31 15:25:54,122 - INFO - {'e': 'aggTrade', 'E': 1698746154888, 's': 'BTCUSDT', 'a': 2742989525, 'p': '34455.89000000', 'q': '0.00104000', 'f': 3262891814, 'l': 3262891814, 'T': 1698746154887, 'm': True, 'M': True}
2023-10-31 15:25:54,122 - INFO - {'e': 'aggTrade', 'E': 1698746154888, 's': 'BTCUSDT', 'a': 2742989525, 'p': '34455.89000000', 'q': '0.00104000', 'f': 3262891814, 'l': 3262891814, 'T': 1698746154887, 'm': True, 'M': True}
2023-10-31 15:25:56,159 - INFO - {'e': 'aggTrade', 'E': 1698746156632, 's': 'BTCUSDT', 'a': 2742989531, 'p': '34455.89000000', 'q': '0.00037000', 'f': 3262891826, 'l': 3262891826, 'T': 1698746156631, 'm': True, 'M': True}
2023-10-31 15:25:56,159 - INFO - {'e': 'aggTrade', 'E': 1698746156632, 's': 'BTCUSDT', 'a': 2742989531, 'p': '34455.89000000', 'q': '0.00037000', 'f': 3262891826, 'l': 3262891826, 'T': 1698746156631, 'm': True, 'M': True}
2023-10-31 15:25:58,208 - INFO - {'e': 'aggTrade', 'E': 1698746157354, 's': 'BTCUSDT', 'a': 2742989534, 'p': '34455.89000000', 'q': '0.00043000', 'f': 3262891829, 'l': 3262891829, 'T': 1698746157354, 'm': True, 'M': True}
2023-10-31 15:25:58,208 - INFO - {'e': 'aggTrade', 'E': 1698746157354, 's': 'BTCUSDT', 'a': 2742989534, 'p': '34455.89000000', 'q': '0.00043000', 'f': 3262891829, 'l': 3262891829, 'T': 1698746157354, 'm': True, 'M': True}
2023-10-31 15:26:00,257 - INFO - {'e': 'aggTrade', 'E': 1698746157354, 's': 'BTCUSDT', 'a': 2742989534, 'p': '34455.89000000', 'q': '0.00043000', 'f': 3262891829, 'l': 3262891829, 'T': 1698746157354, 'm': True, 'M': True}
2023-10-31 15:26:00,257 - INFO - {'e': 'aggTrade', 'E': 1698746157354, 's': 'BTCUSDT', 'a': 2742989534, 'p': '34455.89000000', 'q': '0.00043000', 'f': 3262891829, 'l': 3262891829, 'T': 1698746157354, 'm': True, 'M': True}
2023-10-31 15:26:02,315 - INFO - {'e': 'aggTrade', 'E': 1698746163243, 's': 'BTCUSDT', 'a': 2742989653, 'p': '34457.27000000', 'q': '0.00648000', 'f': 3262891981, 'l': 3262891982, 'T': 1698746163242, 'm': False, 'M': True}
2023-10-31 15:26:02,316 - INFO - {'e': 'aggTrade', 'E': 1698746163243, 's': 'BTCUSDT', 'a': 2742989653, 'p': '34457.27000000', 'q': '0.00648000', 'f': 3262891981, 'l': 3262891982, 'T': 1698746163242, 'm': False, 'M': True}
2023-10-31 15:26:04,358 - INFO - {'e': 'aggTrade', 'E': 1698746165043, 's': 'BTCUSDT', 'a': 2742989729, 'p': '34459.99000000', 'q': '0.00294000', 'f': 3262892100, 'l': 3262892100, 'T': 1698746165042, 'm': True, 'M': True}
2023-10-31 15:26:04,358 - INFO - {'e': 'aggTrade', 'E': 1698746165043, 's': 'BTCUSDT', 'a': 2742989729, 'p': '34459.99000000', 'q': '0.00294000', 'f': 3262892100, 'l': 3262892100, 'T': 1698746165042, 'm': True, 'M': True}
2023-10-31 15:26:06,412 - INFO - {'e': 'aggTrade', 'E': 1698746167166, 's': 'BTCUSDT', 'a': 2742989741, 'p': '34459.99000000', 'q': '0.01243000', 'f': 3262892113, 'l': 3262892113, 'T': 1698746167165, 'm': True, 'M': True}
2023-10-31 15:26:06,412 - INFO - {'e': 'aggTrade', 'E': 1698746167166, 's': 'BTCUSDT', 'a': 2742989741, 'p': '34459.99000000', 'q': '0.01243000', 'f': 3262892113, 'l': 3262892113, 'T': 1698746167165, 'm': True, 'M': True}
2023-10-31 15:26:08,438 - INFO - {'e': 'aggTrade', 'E': 1698746169232, 's': 'BTCUSDT', 'a': 2742989753, 'p': '34459.99000000', 'q': '0.00438000', 'f': 3262892127, 'l': 3262892127, 'T': 1698746169232, 'm': True, 'M': True}
2023-10-31 15:26:08,438 - INFO - {'e': 'aggTrade', 'E': 1698746169232, 's': 'BTCUSDT', 'a': 2742989753, 'p': '34459.99000000', 'q': '0.00438000', 'f': 3262892127, 'l': 3262892127, 'T': 1698746169232, 'm': True, 'M': True}
2023-10-31 15:26:10,469 - INFO - {'e': 'aggTrade', 'E': 1698746171009, 's': 'BTCUSDT', 'a': 2742989764, 'p': '34459.99000000', 'q': '0.00061000', 'f': 3262892142, 'l': 3262892142, 'T': 1698746171009, 'm': True, 'M': True}
2023-10-31 15:26:10,469 - INFO - {'e': 'aggTrade', 'E': 1698746171009, 's': 'BTCUSDT', 'a': 2742989764, 'p': '34459.99000000', 'q': '0.00061000', 'f': 3262892142, 'l': 3262892142, 'T': 1698746171009, 'm': True, 'M': True}
2023-10-31 15:26:12,505 - INFO - {'e': 'aggTrade', 'E': 1698746173038, 's': 'BTCUSDT', 'a': 2742989771, 'p': '34460.00000000', 'q': '0.00202000', 'f': 3262892162, 'l': 3262892162, 'T': 1698746173037, 'm': False, 'M': True}
2023-10-31 15:26:12,505 - INFO - {'e': 'aggTrade', 'E': 1698746173038, 's': 'BTCUSDT', 'a': 2742989771, 'p': '34460.00000000', 'q': '0.00202000', 'f': 3262892162, 'l': 3262892162, 'T': 1698746173037, 'm': False, 'M': True}
2023-10-31 15:26:14,540 - INFO - {'e': 'aggTrade', 'E': 1698746175257, 's': 'BTCUSDT', 'a': 2742989781, 'p': '34459.99000000', 'q': '0.00018000', 'f': 3262892172, 'l': 3262892172, 'T': 1698746175256, 'm': True, 'M': True}
2023-10-31 15:26:14,540 - INFO - {'e': 'aggTrade', 'E': 1698746175257, 's': 'BTCUSDT', 'a': 2742989781, 'p': '34459.99000000', 'q': '0.00018000', 'f': 3262892172, 'l': 3262892172, 'T': 1698746175256, 'm': True, 'M': True}
2023-10-31 15:26:16,577 - INFO - {'e': 'aggTrade', 'E': 1698746177508, 's': 'BTCUSDT', 'a': 2742989785, 'p': '34459.99000000', 'q': '0.00068000', 'f': 3262892176, 'l': 3262892176, 'T': 1698746177507, 'm': True, 'M': True}
2023-10-31 15:26:16,577 - INFO - {'e': 'aggTrade', 'E': 1698746177508, 's': 'BTCUSDT', 'a': 2742989785, 'p': '34459.99000000', 'q': '0.00068000', 'f': 3262892176, 'l': 3262892176, 'T': 1698746177507, 'm': True, 'M': True}
2023-10-31 15:26:18,639 - INFO - {'e': 'aggTrade', 'E': 1698746179278, 's': 'BTCUSDT', 'a': 2742989797, 'p': '34459.99000000', 'q': '0.00211000', 'f': 3262892188, 'l': 3262892188, 'T': 1698746179278, 'm': True, 'M': True}
2023-10-31 15:26:18,639 - INFO - {'e': 'aggTrade', 'E': 1698746179278, 's': 'BTCUSDT', 'a': 2742989797, 'p': '34459.99000000', 'q': '0.00211000', 'f': 3262892188, 'l': 3262892188, 'T': 1698746179278, 'm': True, 'M': True}
2023-10-31 15:26:20,680 - INFO - {'e': 'aggTrade', 'E': 1698746180334, 's': 'BTCUSDT', 'a': 2742989803, 'p': '34460.00000000', 'q': '0.00067000', 'f': 3262892194, 'l': 3262892194, 'T': 1698746180334, 'm': False, 'M': True}
2023-10-31 15:26:20,680 - INFO - {'e': 'aggTrade', 'E': 1698746180334, 's': 'BTCUSDT', 'a': 2742989803, 'p': '34460.00000000', 'q': '0.00067000', 'f': 3262892194, 'l': 3262892194, 'T': 1698746180334, 'm': False, 'M': True}
2023-10-31 15:32:29,923 - INFO - {'e': 'aggTrade', 'E': 1698746180334, 's': 'BTCUSDT', 'a': 2742989803, 'p': '34460.00000000', 'q': '0.00067000', 'f': 3262892194, 'l': 3262892194, 'T': 1698746180334, 'm': False, 'M': True}
2023-10-31 15:32:29,923 - INFO - {'e': 'aggTrade', 'E': 1698746180334, 's': 'BTCUSDT', 'a': 2742989803, 'p': '34460.00000000', 'q': '0.00067000', 'f': 3262892194, 'l': 3262892194, 'T': 1698746180334, 'm': False, 'M': True}
2023-10-31 15:32:31,959 - INFO - {'e': 'aggTrade', 'E': 1698746180334, 's': 'BTCUSDT', 'a': 2742989803, 'p': '34460.00000000', 'q': '0.00067000', 'f': 3262892194, 'l': 3262892194, 'T': 1698746180334, 'm': False, 'M': True}
2023-10-31 15:32:31,959 - INFO - {'e': 'aggTrade', 'E': 1698746180334, 's': 'BTCUSDT', 'a': 2742989803, 'p': '34460.00000000', 'q': '0.00067000', 'f': 3262892194, 'l': 3262892194, 'T': 1698746180334, 'm': False, 'M': True}
2023-10-31 15:32:34,118 - INFO - {'e': 'aggTrade', 'E': 1698746180334, 's': 'BTCUSDT', 'a': 2742989803, 'p': '34460.00000000', 'q': '0.00067000', 'f': 3262892194, 'l': 3262892194, 'T': 1698746180334, 'm': False, 'M': True}
2023-10-31 15:32:34,118 - INFO - {'e': 'aggTrade', 'E': 1698746180334, 's': 'BTCUSDT', 'a': 2742989803, 'p': '34460.00000000', 'q': '0.00067000', 'f': 3262892194, 'l': 3262892194, 'T': 1698746180334, 'm': False, 'M': True}
2023-10-31 15:32:36,218 - INFO - {'e': 'aggTrade', 'E': 1698746180334, 's': 'BTCUSDT', 'a': 2742989803, 'p': '34460.00000000', 'q': '0.00067000', 'f': 3262892194, 'l': 3262892194, 'T': 1698746180334, 'm': False, 'M': True}
2023-10-31 15:32:36,222 - INFO - {'e': 'aggTrade', 'E': 1698746180334, 's': 'BTCUSDT', 'a': 2742989803, 'p': '34460.00000000', 'q': '0.00067000', 'f': 3262892194, 'l': 3262892194, 'T': 1698746180334, 'm': False, 'M': True}
2023-10-31 15:33:51,166 - INFO - {'e': 'aggTrade', 'E': 1698746180334, 's': 'BTCUSDT', 'a': 2742989803, 'p': '34460.00000000', 'q': '0.00067000', 'f': 3262892194, 'l': 3262892194, 'T': 1698746180334, 'm': False, 'M': True}
2023-10-31 15:33:51,166 - INFO - {'e': 'aggTrade', 'E': 1698746180334, 's': 'BTCUSDT', 'a': 2742989803, 'p': '34460.00000000', 'q': '0.00067000', 'f': 3262892194, 'l': 3262892194, 'T': 1698746180334, 'm': False, 'M': True}
2023-10-31 15:33:53,179 - INFO - {'e': 'aggTrade', 'E': 1698746180334, 's': 'BTCUSDT', 'a': 2742989803, 'p': '34460.00000000', 'q': '0.00067000', 'f': 3262892194, 'l': 3262892194, 'T': 1698746180334, 'm': False, 'M': True}
2023-10-31 15:33:53,179 - INFO - {'e': 'aggTrade', 'E': 1698746180334, 's': 'BTCUSDT', 'a': 2742989803, 'p': '34460.00000000', 'q': '0.00067000', 'f': 3262892194, 'l': 3262892194, 'T': 1698746180334, 'm': False, 'M': True}
2023-10-31 15:33:55,208 - INFO - {'e': 'aggTrade', 'E': 1698746180334, 's': 'BTCUSDT', 'a': 2742989803, 'p': '34460.00000000', 'q': '0.00067000', 'f': 3262892194, 'l': 3262892194, 'T': 1698746180334, 'm': False, 'M': True}
2023-10-31 15:33:55,208 - INFO - {'e': 'aggTrade', 'E': 1698746180334, 's': 'BTCUSDT', 'a': 2742989803, 'p': '34460.00000000', 'q': '0.00067000', 'f': 3262892194, 'l': 3262892194, 'T': 1698746180334, 'm': False, 'M': True}
2023-10-31 15:33:57,273 - INFO - {'e': 'aggTrade', 'E': 1698746180334, 's': 'BTCUSDT', 'a': 2742989803, 'p': '34460.00000000', 'q': '0.00067000', 'f': 3262892194, 'l': 3262892194, 'T': 1698746180334, 'm': False, 'M': True}
2023-10-31 15:33:57,276 - INFO - {'e': 'aggTrade', 'E': 1698746180334, 's': 'BTCUSDT', 'a': 2742989803, 'p': '34460.00000000', 'q': '0.00067000', 'f': 3262892194, 'l': 3262892194, 'T': 1698746180334, 'm': False, 'M': True}
2023-10-31 15:33:59,301 - INFO - {'e': 'aggTrade', 'E': 1698746180334, 's': 'BTCUSDT', 'a': 2742989803, 'p': '34460.00000000', 'q': '0.00067000', 'f': 3262892194, 'l': 3262892194, 'T': 1698746180334, 'm': False, 'M': True}
2023-10-31 15:33:59,302 - INFO - {'e': 'aggTrade', 'E': 1698746180334, 's': 'BTCUSDT', 'a': 2742989803, 'p': '34460.00000000', 'q': '0.00067000', 'f': 3262892194, 'l': 3262892194, 'T': 1698746180334, 'm': False, 'M': True}
