2023-10-23 17:42:30,208 - ERROR - Exception Occured HTTPConnectionPool(host='localhost', port=5000): Max retries exceeded with url: /ltm (Caused by NewConnectionError('<urllib3.connection.HTTPConnection object at 0x000001EC70D45D10>: Failed to establish a new connection: [WinError 10061] No connection could be made because the target machine actively refused it'))
2023-10-23 17:42:30,224 - ERROR - No data available
2023-10-23 17:42:34,322 - ERROR - Exception Occured HTTPConnectionPool(host='localhost', port=5000): Max retries exceeded with url: /ltm (Caused by NewConnectionError('<urllib3.connection.HTTPConnection object at 0x000001EC70D53050>: Failed to establish a new connection: [WinError 10061] No connection could be made because the target machine actively refused it'))
2023-10-23 17:42:34,323 - ERROR - No data available
2023-10-23 17:42:38,405 - ERROR - Exception Occured HTTPConnectionPool(host='localhost', port=5000): Max retries exceeded with url: /ltm (Caused by NewConnectionError('<urllib3.connection.HTTPConnection object at 0x000001EC70D5D010>: Failed to establish a new connection: [WinError 10061] No connection could be made because the target machine actively refused it'))
2023-10-23 17:42:38,406 - ERROR - No data available
2023-10-23 17:42:42,486 - ERROR - Exception Occured HTTPConnectionPool(host='localhost', port=5000): Max retries exceeded with url: /ltm (Caused by NewConnectionError('<urllib3.connection.HTTPConnection object at 0x000001EC70D5EF90>: Failed to establish a new connection: [WinError 10061] No connection could be made because the target machine actively refused it'))
2023-10-23 17:42:42,486 - ERROR - No data available
2023-10-23 17:42:46,601 - ERROR - Exception Occured Expecting value: line 1 column 1 (char 0)
2023-10-23 17:42:46,601 - ERROR - No data available
2023-10-23 17:42:48,635 - INFO - {'e': 'aggTrade', 'E': 1698063168976, 's': 'BTCUSDT', 'a': 2734208388, 'p': '30641.10000000', 'q': '0.00026000', 'f': 3251284152, 'l': 3251284152, 'T': 1698063168976, 'm': True, 'M': True}
2023-10-23 17:42:48,635 - INFO - {'e': 'aggTrade', 'E': 1698063168976, 's': 'BTCUSDT', 'a': 2734208388, 'p': '30641.10000000', 'q': '0.00026000', 'f': 3251284152, 'l': 3251284152, 'T': 1698063168976, 'm': True, 'M': True}
2023-10-23 17:42:50,696 - INFO - {'e': 'aggTrade', 'E': 1698063170780, 's': 'BTCUSDT', 'a': 2734208395, 'p': '30641.11000000', 'q': '0.00512000', 'f': 3251284166, 'l': 3251284166, 'T': 1698063170780, 'm': False, 'M': True}
2023-10-23 17:42:50,696 - INFO - {'e': 'aggTrade', 'E': 1698063170780, 's': 'BTCUSDT', 'a': 2734208395, 'p': '30641.11000000', 'q': '0.00512000', 'f': 3251284166, 'l': 3251284166, 'T': 1698063170780, 'm': False, 'M': True}
2023-10-23 17:42:52,778 - INFO - {'e': 'aggTrade', 'E': 1698063173130, 's': 'BTCUSDT', 'a': 2734208400, 'p': '30641.11000000', 'q': '0.00091000', 'f': 3251284171, 'l': 3251284171, 'T': 1698063173129, 'm': False, 'M': True}
2023-10-23 17:42:52,779 - INFO - {'e': 'aggTrade', 'E': 1698063173130, 's': 'BTCUSDT', 'a': 2734208400, 'p': '30641.11000000', 'q': '0.00091000', 'f': 3251284171, 'l': 3251284171, 'T': 1698063173129, 'm': False, 'M': True}
2023-10-23 17:42:54,836 - INFO - {'e': 'aggTrade', 'E': 1698063175097, 's': 'ETHUSDT', 'a': 946317979, 'p': '1675.98000000', 'q': '0.01140000', 'f': 1214510278, 'l': 1214510279, 'T': 1698063175097, 'm': False, 'M': True}
2023-10-23 17:42:54,836 - INFO - {'e': 'aggTrade', 'E': 1698063175097, 's': 'ETHUSDT', 'a': 946317979, 'p': '1675.98000000', 'q': '0.01140000', 'f': 1214510278, 'l': 1214510279, 'T': 1698063175097, 'm': False, 'M': True}
2023-10-23 17:42:56,907 - INFO - {'e': 'aggTrade', 'E': 1698063177088, 's': 'BTCUSDT', 'a': 2734208416, 'p': '30641.11000000', 'q': '0.00084000', 'f': 3251284189, 'l': 3251284189, 'T': 1698063177088, 'm': False, 'M': True}
2023-10-23 17:42:56,907 - INFO - {'e': 'aggTrade', 'E': 1698063177088, 's': 'BTCUSDT', 'a': 2734208416, 'p': '30641.11000000', 'q': '0.00084000', 'f': 3251284189, 'l': 3251284189, 'T': 1698063177088, 'm': False, 'M': True}
2023-10-23 17:42:58,961 - INFO - {'e': 'aggTrade', 'E': 1698063179185, 's': 'XRPUSDT', 'a': 396457143, 'p': '0.53170000', 'q': '274.00000000', 'f': 558256024, 'l': 558256024, 'T': 1698063179184, 'm': False, 'M': True}
2023-10-23 17:42:58,961 - INFO - {'e': 'aggTrade', 'E': 1698063179185, 's': 'XRPUSDT', 'a': 396457143, 'p': '0.53170000', 'q': '274.00000000', 'f': 558256024, 'l': 558256024, 'T': 1698063179184, 'm': False, 'M': True}
2023-10-23 17:43:01,044 - INFO - {'e': 'aggTrade', 'E': 1698063181277, 's': 'BTCUSDT', 'a': 2734208516, 'p': '30641.10000000', 'q': '0.00154000', 'f': 3251284289, 'l': 3251284289, 'T': 1698063181277, 'm': True, 'M': True}
2023-10-23 17:43:01,044 - INFO - {'e': 'aggTrade', 'E': 1698063181277, 's': 'BTCUSDT', 'a': 2734208516, 'p': '30641.10000000', 'q': '0.00154000', 'f': 3251284289, 'l': 3251284289, 'T': 1698063181277, 'm': True, 'M': True}
2023-10-23 17:43:03,119 - INFO - {'e': 'aggTrade', 'E': 1698063183442, 's': 'BTCUSDT', 'a': 2734208527, 'p': '30641.11000000', 'q': '0.00326000', 'f': 3251284300, 'l': 3251284300, 'T': 1698063183441, 'm': False, 'M': True}
2023-10-23 17:43:03,123 - INFO - {'e': 'aggTrade', 'E': 1698063183442, 's': 'BTCUSDT', 'a': 2734208527, 'p': '30641.11000000', 'q': '0.00326000', 'f': 3251284300, 'l': 3251284300, 'T': 1698063183441, 'm': False, 'M': True}
2023-10-23 17:43:05,180 - INFO - {'e': 'aggTrade', 'E': 1698063185234, 's': 'BTCUSDT', 'a': 2734208534, 'p': '30641.10000000', 'q': '0.01163000', 'f': 3251284307, 'l': 3251284307, 'T': 1698063185233, 'm': True, 'M': True}
2023-10-23 17:43:05,180 - INFO - {'e': 'aggTrade', 'E': 1698063185234, 's': 'BTCUSDT', 'a': 2734208534, 'p': '30641.10000000', 'q': '0.01163000', 'f': 3251284307, 'l': 3251284307, 'T': 1698063185233, 'm': True, 'M': True}
2023-10-23 17:43:07,232 - INFO - {'e': 'aggTrade', 'E': 1698063187320, 's': 'XRPUSDT', 'a': 396457156, 'p': '0.53160000', 'q': '2516.00000000', 'f': 558256039, 'l': 558256039, 'T': 1698063187319, 'm': True, 'M': True}
2023-10-23 17:43:07,248 - INFO - {'e': 'aggTrade', 'E': 1698063187320, 's': 'XRPUSDT', 'a': 396457156, 'p': '0.53160000', 'q': '2516.00000000', 'f': 558256039, 'l': 558256039, 'T': 1698063187319, 'm': True, 'M': True}
2023-10-23 17:43:09,332 - INFO - {'e': 'aggTrade', 'E': 1698063188940, 's': 'BTCUSDT', 'a': 2734208547, 'p': '30641.11000000', 'q': '0.02165000', 'f': 3251284323, 'l': 3251284323, 'T': 1698063188939, 'm': False, 'M': True}
2023-10-23 17:43:09,332 - INFO - {'e': 'aggTrade', 'E': 1698063188940, 's': 'BTCUSDT', 'a': 2734208547, 'p': '30641.11000000', 'q': '0.02165000', 'f': 3251284323, 'l': 3251284323, 'T': 1698063188939, 'm': False, 'M': True}
2023-10-23 17:43:11,406 - INFO - {'e': 'aggTrade', 'E': 1698063191625, 's': 'ETHUSDT', 'a': 946318069, 'p': '1675.98000000', 'q': '0.08080000', 'f': 1214510369, 'l': 1214510369, 'T': 1698063191625, 'm': False, 'M': True}
2023-10-23 17:43:11,406 - INFO - {'e': 'aggTrade', 'E': 1698063191625, 's': 'ETHUSDT', 'a': 946318069, 'p': '1675.98000000', 'q': '0.08080000', 'f': 1214510369, 'l': 1214510369, 'T': 1698063191625, 'm': False, 'M': True}
2023-10-23 17:43:13,487 - INFO - {'e': 'aggTrade', 'E': 1698063193826, 's': 'BTCUSDT', 'a': 2734208564, 'p': '30641.10000000', 'q': '0.00050000', 'f': 3251284340, 'l': 3251284340, 'T': 1698063193826, 'm': True, 'M': True}
2023-10-23 17:43:13,490 - INFO - {'e': 'aggTrade', 'E': 1698063193826, 's': 'BTCUSDT', 'a': 2734208564, 'p': '30641.10000000', 'q': '0.00050000', 'f': 3251284340, 'l': 3251284340, 'T': 1698063193826, 'm': True, 'M': True}
2023-10-23 17:43:15,555 - INFO - {'e': 'aggTrade', 'E': 1698063195877, 's': 'ETHUSDT', 'a': 946318091, 'p': '1676.15000000', 'q': '0.03460000', 'f': 1214510402, 'l': 1214510402, 'T': 1698063195876, 'm': True, 'M': True}
2023-10-23 17:43:15,558 - INFO - {'e': 'aggTrade', 'E': 1698063195877, 's': 'ETHUSDT', 'a': 946318091, 'p': '1676.15000000', 'q': '0.03460000', 'f': 1214510402, 'l': 1214510402, 'T': 1698063195876, 'm': True, 'M': True}
2023-10-23 17:43:17,635 - INFO - {'e': 'aggTrade', 'E': 1698063197815, 's': 'ETHUSDT', 'a': 946318095, 'p': '1676.15000000', 'q': '0.01150000', 'f': 1214510406, 'l': 1214510406, 'T': 1698063197814, 'm': True, 'M': True}
2023-10-23 17:43:17,635 - INFO - {'e': 'aggTrade', 'E': 1698063197815, 's': 'ETHUSDT', 'a': 946318095, 'p': '1676.15000000', 'q': '0.01150000', 'f': 1214510406, 'l': 1214510406, 'T': 1698063197814, 'm': True, 'M': True}
2023-10-23 17:43:19,703 - INFO - {'e': 'aggTrade', 'E': 1698063199895, 's': 'ETHUSDT', 'a': 946318098, 'p': '1676.16000000', 'q': '0.50000000', 'f': 1214510409, 'l': 1214510410, 'T': 1698063199894, 'm': False, 'M': True}
2023-10-23 17:43:19,703 - INFO - {'e': 'aggTrade', 'E': 1698063199895, 's': 'ETHUSDT', 'a': 946318098, 'p': '1676.16000000', 'q': '0.50000000', 'f': 1214510409, 'l': 1214510410, 'T': 1698063199894, 'm': False, 'M': True}
2023-10-23 17:43:21,751 - INFO - {'e': 'aggTrade', 'E': 1698063201199, 's': 'BTCUSDT', 'a': 2734208588, 'p': '30641.10000000', 'q': '0.00341000', 'f': 3251284365, 'l': 3251284365, 'T': 1698063201199, 'm': True, 'M': True}
2023-10-23 17:43:21,751 - INFO - {'e': 'aggTrade', 'E': 1698063201199, 's': 'BTCUSDT', 'a': 2734208588, 'p': '30641.10000000', 'q': '0.00341000', 'f': 3251284365, 'l': 3251284365, 'T': 1698063201199, 'm': True, 'M': True}
2023-10-23 17:43:23,808 - INFO - {'e': 'aggTrade', 'E': 1698063203854, 's': 'XRPUSDT', 'a': 396457165, 'p': '0.53150000', 'q': '227.00000000', 'f': 558256056, 'l': 558256058, 'T': 1698063203853, 'm': True, 'M': True}
2023-10-23 17:43:23,808 - INFO - {'e': 'aggTrade', 'E': 1698063203854, 's': 'XRPUSDT', 'a': 396457165, 'p': '0.53150000', 'q': '227.00000000', 'f': 558256056, 'l': 558256058, 'T': 1698063203853, 'm': True, 'M': True}
2023-10-23 17:43:25,874 - INFO - {'e': 'aggTrade', 'E': 1698063206211, 's': 'ETHUSDT', 'a': 946318104, 'p': '1676.16000000', 'q': '0.01970000', 'f': 1214510416, 'l': 1214510416, 'T': 1698063206210, 'm': False, 'M': True}
2023-10-23 17:43:25,877 - INFO - {'e': 'aggTrade', 'E': 1698063206211, 's': 'ETHUSDT', 'a': 946318104, 'p': '1676.16000000', 'q': '0.01970000', 'f': 1214510416, 'l': 1214510416, 'T': 1698063206210, 'm': False, 'M': True}
2023-10-23 17:43:27,953 - INFO - {'e': 'aggTrade', 'E': 1698063207931, 's': 'ETHUSDT', 'a': 946318109, 'p': '1676.16000000', 'q': '0.00450000', 'f': 1214510421, 'l': 1214510421, 'T': 1698063207930, 'm': False, 'M': True}
2023-10-23 17:43:27,953 - INFO - {'e': 'aggTrade', 'E': 1698063207931, 's': 'ETHUSDT', 'a': 946318109, 'p': '1676.16000000', 'q': '0.00450000', 'f': 1214510421, 'l': 1214510421, 'T': 1698063207930, 'm': False, 'M': True}
2023-10-23 17:43:30,008 - INFO - {'e': 'aggTrade', 'E': 1698063210309, 's': 'BTCUSDT', 'a': 2734208615, 'p': '30641.10000000', 'q': '0.00068000', 'f': 3251284395, 'l': 3251284395, 'T': 1698063210309, 'm': True, 'M': True}
2023-10-23 17:43:30,023 - INFO - {'e': 'aggTrade', 'E': 1698063210309, 's': 'BTCUSDT', 'a': 2734208615, 'p': '30641.10000000', 'q': '0.00068000', 'f': 3251284395, 'l': 3251284395, 'T': 1698063210309, 'm': True, 'M': True}
2023-10-23 17:43:32,107 - INFO - {'e': 'aggTrade', 'E': 1698063212463, 's': 'ETHUSDT', 'a': 946318145, 'p': '1675.84000000', 'q': '0.12080000', 'f': 1214510480, 'l': 1214510481, 'T': 1698063212463, 'm': False, 'M': True}
2023-10-23 17:43:32,109 - INFO - {'e': 'aggTrade', 'E': 1698063212463, 's': 'ETHUSDT', 'a': 946318145, 'p': '1675.84000000', 'q': '0.12080000', 'f': 1214510480, 'l': 1214510481, 'T': 1698063212463, 'm': False, 'M': True}
2023-10-23 17:43:34,166 - INFO - {'e': 'aggTrade', 'E': 1698063214360, 's': 'BTCUSDT', 'a': 2734208736, 'p': '30636.37000000', 'q': '0.00022000', 'f': 3251284567, 'l': 3251284567, 'T': 1698063214360, 'm': False, 'M': True}
2023-10-23 17:43:34,171 - INFO - {'e': 'aggTrade', 'E': 1698063214360, 's': 'BTCUSDT', 'a': 2734208736, 'p': '30636.37000000', 'q': '0.00022000', 'f': 3251284567, 'l': 3251284567, 'T': 1698063214360, 'm': False, 'M': True}
2023-10-23 17:43:36,248 - INFO - {'e': 'aggTrade', 'E': 1698063216434, 's': 'BTCUSDT', 'a': 2734208753, 'p': '30636.37000000', 'q': '0.00048000', 'f': 3251284587, 'l': 3251284587, 'T': 1698063216434, 'm': False, 'M': True}
2023-10-23 17:43:36,248 - INFO - {'e': 'aggTrade', 'E': 1698063216434, 's': 'BTCUSDT', 'a': 2734208753, 'p': '30636.37000000', 'q': '0.00048000', 'f': 3251284587, 'l': 3251284587, 'T': 1698063216434, 'm': False, 'M': True}
2023-10-23 17:43:38,312 - INFO - {'e': 'aggTrade', 'E': 1698063218668, 's': 'XRPUSDT', 'a': 396457187, 'p': '0.53110000', 'q': '104.00000000', 'f': 558256103, 'l': 558256103, 'T': 1698063218667, 'm': False, 'M': True}
2023-10-23 17:43:38,314 - INFO - {'e': 'aggTrade', 'E': 1698063218668, 's': 'XRPUSDT', 'a': 396457187, 'p': '0.53110000', 'q': '104.00000000', 'f': 558256103, 'l': 558256103, 'T': 1698063218667, 'm': False, 'M': True}
2023-10-23 17:43:40,363 - INFO - {'e': 'aggTrade', 'E': 1698063220657, 's': 'XRPUSDT', 'a': 396457198, 'p': '0.53100000', 'q': '942.00000000', 'f': 558256120, 'l': 558256120, 'T': 1698063220657, 'm': False, 'M': True}
2023-10-23 17:43:40,363 - INFO - {'e': 'aggTrade', 'E': 1698063220657, 's': 'XRPUSDT', 'a': 396457198, 'p': '0.53100000', 'q': '942.00000000', 'f': 558256120, 'l': 558256120, 'T': 1698063220657, 'm': False, 'M': True}
2023-10-23 17:43:42,440 - INFO - {'e': 'aggTrade', 'E': 1698063222755, 's': 'BTCUSDT', 'a': 2734208783, 'p': '30636.36000000', 'q': '0.12410000', 'f': 3251284621, 'l': 3251284621, 'T': 1698063222755, 'm': True, 'M': True}
2023-10-23 17:43:42,443 - INFO - {'e': 'aggTrade', 'E': 1698063222755, 's': 'BTCUSDT', 'a': 2734208783, 'p': '30636.36000000', 'q': '0.12410000', 'f': 3251284621, 'l': 3251284621, 'T': 1698063222755, 'm': True, 'M': True}
2023-10-23 17:43:44,484 - INFO - {'e': 'aggTrade', 'E': 1698063224758, 's': 'BTCUSDT', 'a': 2734208788, 'p': '30636.37000000', 'q': '0.00114000', 'f': 3251284626, 'l': 3251284626, 'T': 1698063224757, 'm': False, 'M': True}
2023-10-23 17:43:44,484 - INFO - {'e': 'aggTrade', 'E': 1698063224758, 's': 'BTCUSDT', 'a': 2734208788, 'p': '30636.37000000', 'q': '0.00114000', 'f': 3251284626, 'l': 3251284626, 'T': 1698063224757, 'm': False, 'M': True}
2023-10-23 17:43:46,537 - INFO - {'e': 'aggTrade', 'E': 1698063226322, 's': 'BTCUSDT', 'a': 2734208864, 'p': '30632.40000000', 'q': '0.00672000', 'f': 3251284727, 'l': 3251284728, 'T': 1698063226313, 'm': True, 'M': True}
2023-10-23 17:43:46,537 - INFO - {'e': 'aggTrade', 'E': 1698063226322, 's': 'BTCUSDT', 'a': 2734208864, 'p': '30632.40000000', 'q': '0.00672000', 'f': 3251284727, 'l': 3251284728, 'T': 1698063226313, 'm': True, 'M': True}
2023-10-23 17:48:02,108 - INFO - {'e': 'aggTrade', 'E': 1698063482153, 's': 'ETHUSDT', 'a': 946319426, 'p': '1678.23000000', 'q': '0.03660000', 'f': 1214512193, 'l': 1214512193, 'T': 1698063482152, 'm': False, 'M': True}
2023-10-23 17:48:02,108 - INFO - {'e': 'aggTrade', 'E': 1698063482153, 's': 'ETHUSDT', 'a': 946319426, 'p': '1678.23000000', 'q': '0.03660000', 'f': 1214512193, 'l': 1214512193, 'T': 1698063482152, 'm': False, 'M': True}
2023-10-23 17:48:04,159 - INFO - {'e': 'aggTrade', 'E': 1698063484202, 's': 'ETHUSDT', 'a': 946319428, 'p': '1678.23000000', 'q': '0.00350000', 'f': 1214512195, 'l': 1214512195, 'T': 1698063484202, 'm': False, 'M': True}
2023-10-23 17:48:04,159 - INFO - {'e': 'aggTrade', 'E': 1698063484202, 's': 'ETHUSDT', 'a': 946319428, 'p': '1678.23000000', 'q': '0.00350000', 'f': 1214512195, 'l': 1214512195, 'T': 1698063484202, 'm': False, 'M': True}
2023-10-23 17:48:06,236 - INFO - {'e': 'aggTrade', 'E': 1698063486554, 's': 'XRPUSDT', 'a': 396457651, 'p': '0.53220000', 'q': '36.00000000', 'f': 558256945, 'l': 558256945, 'T': 1698063486553, 'm': True, 'M': True}
2023-10-23 17:48:06,238 - INFO - {'e': 'aggTrade', 'E': 1698063486554, 's': 'XRPUSDT', 'a': 396457651, 'p': '0.53220000', 'q': '36.00000000', 'f': 558256945, 'l': 558256945, 'T': 1698063486553, 'm': True, 'M': True}
2023-10-23 17:48:08,290 - INFO - {'e': 'aggTrade', 'E': 1698063488489, 's': 'BTCUSDT', 'a': 2734212894, 'p': '30689.98000000', 'q': '0.00022000', 'f': 3251289613, 'l': 3251289613, 'T': 1698063488485, 'm': False, 'M': True}
2023-10-23 17:48:08,292 - INFO - {'e': 'aggTrade', 'E': 1698063488489, 's': 'BTCUSDT', 'a': 2734212894, 'p': '30689.98000000', 'q': '0.00022000', 'f': 3251289613, 'l': 3251289613, 'T': 1698063488485, 'm': False, 'M': True}
2023-10-23 17:48:10,348 - INFO - {'e': 'aggTrade', 'E': 1698063490517, 's': 'BTCUSDT', 'a': 2734212955, 'p': '30693.93000000', 'q': '0.00034000', 'f': 3251289682, 'l': 3251289682, 'T': 1698063490517, 'm': True, 'M': True}
2023-10-23 17:48:10,355 - INFO - {'e': 'aggTrade', 'E': 1698063490517, 's': 'BTCUSDT', 'a': 2734212955, 'p': '30693.93000000', 'q': '0.00034000', 'f': 3251289682, 'l': 3251289682, 'T': 1698063490517, 'm': True, 'M': True}
2023-10-23 17:48:12,407 - INFO - {'e': 'aggTrade', 'E': 1698063492710, 's': 'BTCUSDT', 'a': 2734213025, 'p': '30699.79000000', 'q': '0.00129000', 'f': 3251289759, 'l': 3251289759, 'T': 1698063492709, 'm': False, 'M': True}
2023-10-23 17:48:12,407 - INFO - {'e': 'aggTrade', 'E': 1698063492710, 's': 'BTCUSDT', 'a': 2734213025, 'p': '30699.79000000', 'q': '0.00129000', 'f': 3251289759, 'l': 3251289759, 'T': 1698063492709, 'm': False, 'M': True}
2023-10-23 17:48:14,471 - INFO - {'e': 'aggTrade', 'E': 1698063494835, 's': 'BTCUSDT', 'a': 2734213050, 'p': '30700.06000000', 'q': '0.00051000', 'f': 3251289824, 'l': 3251289824, 'T': 1698063494834, 'm': False, 'M': True}
2023-10-23 17:48:14,472 - INFO - {'e': 'aggTrade', 'E': 1698063494835, 's': 'BTCUSDT', 'a': 2734213050, 'p': '30700.06000000', 'q': '0.00051000', 'f': 3251289824, 'l': 3251289824, 'T': 1698063494834, 'm': False, 'M': True}
2023-10-23 17:48:16,505 - INFO - {'e': 'aggTrade', 'E': 1698063496807, 's': 'DOGEUSDT', 'a': 388984042, 'p': '0.06530000', 'q': '1364.00000000', 'f': 526809080, 'l': 526809080, 'T': 1698063496807, 'm': True, 'M': True}
2023-10-23 17:48:16,505 - INFO - {'e': 'aggTrade', 'E': 1698063496807, 's': 'DOGEUSDT', 'a': 388984042, 'p': '0.06530000', 'q': '1364.00000000', 'f': 526809080, 'l': 526809080, 'T': 1698063496807, 'm': True, 'M': True}
2023-10-23 17:48:18,574 - INFO - {'e': 'aggTrade', 'E': 1698063498935, 's': 'BTCUSDT', 'a': 2734213157, 'p': '30704.87000000', 'q': '0.00431000', 'f': 3251289946, 'l': 3251289946, 'T': 1698063498934, 'm': True, 'M': True}
2023-10-23 17:48:18,575 - INFO - {'e': 'aggTrade', 'E': 1698063498935, 's': 'BTCUSDT', 'a': 2734213157, 'p': '30704.87000000', 'q': '0.00431000', 'f': 3251289946, 'l': 3251289946, 'T': 1698063498934, 'm': True, 'M': True}
2023-10-23 17:48:20,595 - INFO - {'e': 'aggTrade', 'E': 1698063500940, 's': 'APTUSDT', 'a': 42649627, 'p': '5.94030000', 'q': '109.14000000', 'f': 48594714, 'l': 48594715, 'T': 1698063500939, 'm': True, 'M': True}
2023-10-23 17:48:20,596 - INFO - {'e': 'aggTrade', 'E': 1698063500940, 's': 'APTUSDT', 'a': 42649627, 'p': '5.94030000', 'q': '109.14000000', 'f': 48594714, 'l': 48594715, 'T': 1698063500939, 'm': True, 'M': True}
2023-10-23 17:48:22,646 - INFO - {'e': 'aggTrade', 'E': 1698063503009, 's': 'XRPUSDT', 'a': 396457675, 'p': '0.53230000', 'q': '423.00000000', 'f': 558256983, 'l': 558256983, 'T': 1698063503009, 'm': True, 'M': True}
2023-10-23 17:48:22,647 - INFO - {'e': 'aggTrade', 'E': 1698063503009, 's': 'XRPUSDT', 'a': 396457675, 'p': '0.53230000', 'q': '423.00000000', 'f': 558256983, 'l': 558256983, 'T': 1698063503009, 'm': True, 'M': True}
2023-10-23 17:48:24,718 - INFO - {'e': 'aggTrade', 'E': 1698063505070, 's': 'BTCUSDT', 'a': 2734213216, 'p': '30706.17000000', 'q': '0.01018000', 'f': 3251290023, 'l': 3251290023, 'T': 1698063505069, 'm': True, 'M': True}
2023-10-23 17:48:24,720 - INFO - {'e': 'aggTrade', 'E': 1698063505070, 's': 'BTCUSDT', 'a': 2734213216, 'p': '30706.17000000', 'q': '0.01018000', 'f': 3251290023, 'l': 3251290023, 'T': 1698063505069, 'm': True, 'M': True}
2023-10-23 17:48:26,761 - INFO - {'e': 'aggTrade', 'E': 1698063506943, 's': 'BTCUSDT', 'a': 2734213222, 'p': '30706.17000000', 'q': '0.00066000', 'f': 3251290029, 'l': 3251290029, 'T': 1698063506942, 'm': True, 'M': True}
2023-10-23 17:48:26,761 - INFO - {'e': 'aggTrade', 'E': 1698063506943, 's': 'BTCUSDT', 'a': 2734213222, 'p': '30706.17000000', 'q': '0.00066000', 'f': 3251290029, 'l': 3251290029, 'T': 1698063506942, 'm': True, 'M': True}
2023-10-23 17:48:28,788 - INFO - {'e': 'aggTrade', 'E': 1698063509125, 's': 'BTCUSDT', 'a': 2734213240, 'p': '30706.17000000', 'q': '0.01194000', 'f': 3251290064, 'l': 3251290064, 'T': 1698063509124, 'm': True, 'M': True}
2023-10-23 17:48:28,788 - INFO - {'e': 'aggTrade', 'E': 1698063509125, 's': 'BTCUSDT', 'a': 2734213240, 'p': '30706.17000000', 'q': '0.01194000', 'f': 3251290064, 'l': 3251290064, 'T': 1698063509124, 'm': True, 'M': True}
2023-10-23 17:48:30,819 - INFO - {'e': 'aggTrade', 'E': 1698063511173, 's': 'BTCUSDT', 'a': 2734213301, 'p': '30708.07000000', 'q': '0.00326000', 'f': 3251290141, 'l': 3251290141, 'T': 1698063511172, 'm': True, 'M': True}
2023-10-23 17:48:30,821 - INFO - {'e': 'aggTrade', 'E': 1698063511173, 's': 'BTCUSDT', 'a': 2734213301, 'p': '30708.07000000', 'q': '0.00326000', 'f': 3251290141, 'l': 3251290141, 'T': 1698063511172, 'm': True, 'M': True}
2023-10-23 17:48:32,853 - INFO - {'e': 'aggTrade', 'E': 1698063513157, 's': 'BTCUSDT', 'a': 2734213322, 'p': '30708.08000000', 'q': '0.00765000', 'f': 3251290162, 'l': 3251290162, 'T': 1698063513156, 'm': False, 'M': True}
2023-10-23 17:48:32,853 - INFO - {'e': 'aggTrade', 'E': 1698063513157, 's': 'BTCUSDT', 'a': 2734213322, 'p': '30708.08000000', 'q': '0.00765000', 'f': 3251290162, 'l': 3251290162, 'T': 1698063513156, 'm': False, 'M': True}
2023-10-23 17:48:34,928 - INFO - {'e': 'aggTrade', 'E': 1698063515263, 's': 'BTCUSDT', 'a': 2734213340, 'p': '30708.08000000', 'q': '0.05080000', 'f': 3251290180, 'l': 3251290180, 'T': 1698063515263, 'm': False, 'M': True}
2023-10-23 17:48:34,928 - INFO - {'e': 'aggTrade', 'E': 1698063515263, 's': 'BTCUSDT', 'a': 2734213340, 'p': '30708.08000000', 'q': '0.05080000', 'f': 3251290180, 'l': 3251290180, 'T': 1698063515263, 'm': False, 'M': True}
2023-10-23 17:48:36,953 - INFO - {'e': 'aggTrade', 'E': 1698063517202, 's': 'BTCUSDT', 'a': 2734213358, 'p': '30708.08000000', 'q': '0.00216000', 'f': 3251290198, 'l': 3251290198, 'T': 1698063517201, 'm': False, 'M': True}
2023-10-23 17:48:36,953 - INFO - {'e': 'aggTrade', 'E': 1698063517202, 's': 'BTCUSDT', 'a': 2734213358, 'p': '30708.08000000', 'q': '0.00216000', 'f': 3251290198, 'l': 3251290198, 'T': 1698063517201, 'm': False, 'M': True}
2023-10-23 17:48:38,984 - INFO - {'e': 'aggTrade', 'E': 1698063518960, 's': 'DOTUSDT', 'a': 221725312, 'p': '4.04700000', 'q': '90.02000000', 'f': 323198453, 'l': 323198454, 'T': 1698063518959, 'm': True, 'M': True}
2023-10-23 17:48:38,984 - INFO - {'e': 'aggTrade', 'E': 1698063518960, 's': 'DOTUSDT', 'a': 221725312, 'p': '4.04700000', 'q': '90.02000000', 'f': 323198453, 'l': 323198454, 'T': 1698063518959, 'm': True, 'M': True}
2023-10-23 17:48:41,021 - INFO - {'e': 'aggTrade', 'E': 1698063521360, 's': 'BTCUSDT', 'a': 2734213451, 'p': '30704.82000000', 'q': '0.00168000', 'f': 3251290330, 'l': 3251290331, 'T': 1698063521358, 'm': True, 'M': True}
2023-10-23 17:48:41,021 - INFO - {'e': 'aggTrade', 'E': 1698063521360, 's': 'BTCUSDT', 'a': 2734213451, 'p': '30704.82000000', 'q': '0.00168000', 'f': 3251290330, 'l': 3251290331, 'T': 1698063521358, 'm': True, 'M': True}
2023-10-23 17:48:43,066 - INFO - {'e': 'aggTrade', 'E': 1698063523153, 's': 'DOGEUSDT', 'a': 388984095, 'p': '0.06534000', 'q': '3926.00000000', 'f': 526809177, 'l': 526809179, 'T': 1698063523152, 'm': False, 'M': True}
2023-10-23 17:48:43,081 - INFO - {'e': 'aggTrade', 'E': 1698063523153, 's': 'DOGEUSDT', 'a': 388984095, 'p': '0.06534000', 'q': '3926.00000000', 'f': 526809177, 'l': 526809179, 'T': 1698063523152, 'm': False, 'M': True}
2023-10-23 17:48:45,137 - INFO - {'e': 'aggTrade', 'E': 1698063525475, 's': 'ETHUSDT', 'a': 946319663, 'p': '1679.09000000', 'q': '0.01900000', 'f': 1214512570, 'l': 1214512570, 'T': 1698063525474, 'm': True, 'M': True}
2023-10-23 17:48:45,139 - INFO - {'e': 'aggTrade', 'E': 1698063525475, 's': 'ETHUSDT', 'a': 946319663, 'p': '1679.09000000', 'q': '0.01900000', 'f': 1214512570, 'l': 1214512570, 'T': 1698063525474, 'm': True, 'M': True}
2023-10-23 17:48:47,172 - INFO - {'e': 'aggTrade', 'E': 1698063527329, 's': 'ETHUSDT', 'a': 946319672, 'p': '1678.99000000', 'q': '0.02760000', 'f': 1214512585, 'l': 1214512585, 'T': 1698063527329, 'm': False, 'M': True}
2023-10-23 17:48:47,173 - INFO - {'e': 'aggTrade', 'E': 1698063527329, 's': 'ETHUSDT', 'a': 946319672, 'p': '1678.99000000', 'q': '0.02760000', 'f': 1214512585, 'l': 1214512585, 'T': 1698063527329, 'm': False, 'M': True}
2023-10-23 17:48:49,219 - INFO - {'e': 'aggTrade', 'E': 1698063529501, 's': 'ETHUSDT', 'a': 946319681, 'p': '1678.98000000', 'q': '0.15650000', 'f': 1214512595, 'l': 1214512595, 'T': 1698063529500, 'm': True, 'M': True}
2023-10-23 17:48:49,221 - INFO - {'e': 'aggTrade', 'E': 1698063529501, 's': 'ETHUSDT', 'a': 946319681, 'p': '1678.98000000', 'q': '0.15650000', 'f': 1214512595, 'l': 1214512595, 'T': 1698063529500, 'm': True, 'M': True}
2023-10-23 17:48:51,263 - INFO - {'e': 'aggTrade', 'E': 1698063531455, 's': 'DOGEUSDT', 'a': 388984112, 'p': '0.06533000', 'q': '12944.00000000', 'f': 526809222, 'l': 526809223, 'T': 1698063531454, 'm': True, 'M': True}
2023-10-23 17:48:51,263 - INFO - {'e': 'aggTrade', 'E': 1698063531455, 's': 'DOGEUSDT', 'a': 388984112, 'p': '0.06533000', 'q': '12944.00000000', 'f': 526809222, 'l': 526809223, 'T': 1698063531454, 'm': True, 'M': True}
2023-10-23 17:48:53,316 - INFO - {'e': 'aggTrade', 'E': 1698063533605, 's': 'DOGEUSDT', 'a': 388984129, 'p': '0.06540000', 'q': '3366.00000000', 'f': 526809265, 'l': 526809265, 'T': 1698063533604, 'm': False, 'M': True}
2023-10-23 17:48:53,316 - INFO - {'e': 'aggTrade', 'E': 1698063533605, 's': 'DOGEUSDT', 'a': 388984129, 'p': '0.06540000', 'q': '3366.00000000', 'f': 526809265, 'l': 526809265, 'T': 1698063533604, 'm': False, 'M': True}
2023-10-23 17:48:55,376 - INFO - {'e': 'aggTrade', 'E': 1698063535728, 's': 'XRPUSDT', 'a': 396457709, 'p': '0.53230000', 'q': '914.00000000', 'f': 558257044, 'l': 558257044, 'T': 1698063535728, 'm': False, 'M': True}
2023-10-23 17:48:55,376 - INFO - {'e': 'aggTrade', 'E': 1698063535728, 's': 'XRPUSDT', 'a': 396457709, 'p': '0.53230000', 'q': '914.00000000', 'f': 558257044, 'l': 558257044, 'T': 1698063535728, 'm': False, 'M': True}
2023-10-23 17:48:57,438 - INFO - {'e': 'aggTrade', 'E': 1698063537786, 's': 'DOGEUSDT', 'a': 388984289, 'p': '0.06540000', 'q': '4587.00000000', 'f': 526809425, 'l': 526809425, 'T': 1698063537786, 'm': False, 'M': True}
2023-10-23 17:48:57,438 - INFO - {'e': 'aggTrade', 'E': 1698063537786, 's': 'DOGEUSDT', 'a': 388984289, 'p': '0.06540000', 'q': '4587.00000000', 'f': 526809425, 'l': 526809425, 'T': 1698063537786, 'm': False, 'M': True}
2023-10-23 17:48:59,507 - INFO - {'e': 'aggTrade', 'E': 1698063539843, 's': 'DOGEUSDT', 'a': 388984387, 'p': '0.06540000', 'q': '5810.00000000', 'f': 526809523, 'l': 526809523, 'T': 1698063539843, 'm': False, 'M': True}
2023-10-23 17:48:59,513 - INFO - {'e': 'aggTrade', 'E': 1698063539843, 's': 'DOGEUSDT', 'a': 388984387, 'p': '0.06540000', 'q': '5810.00000000', 'f': 526809523, 'l': 526809523, 'T': 1698063539843, 'm': False, 'M': True}
2023-10-23 17:49:01,578 - INFO - {'e': 'aggTrade', 'E': 1698063541865, 's': 'APTUSDT', 'a': 42649792, 'p': '5.95590000', 'q': '54.80000000', 'f': 48594899, 'l': 48594900, 'T': 1698063541865, 'm': False, 'M': True}
2023-10-23 17:49:01,578 - INFO - {'e': 'aggTrade', 'E': 1698063541865, 's': 'APTUSDT', 'a': 42649792, 'p': '5.95590000', 'q': '54.80000000', 'f': 48594899, 'l': 48594900, 'T': 1698063541865, 'm': False, 'M': True}
2023-10-23 17:49:03,618 - INFO - {'e': 'aggTrade', 'E': 1698063543969, 's': 'ETHUSDT', 'a': 946319797, 'p': '1679.14000000', 'q': '0.06030000', 'f': 1214512736, 'l': 1214512736, 'T': 1698063543969, 'm': True, 'M': True}
2023-10-23 17:49:03,619 - INFO - {'e': 'aggTrade', 'E': 1698063543969, 's': 'ETHUSDT', 'a': 946319797, 'p': '1679.14000000', 'q': '0.06030000', 'f': 1214512736, 'l': 1214512736, 'T': 1698063543969, 'm': True, 'M': True}
2023-10-23 17:49:05,677 - INFO - {'e': 'aggTrade', 'E': 1698063546001, 's': 'BTCUSDT', 'a': 2734213973, 'p': '30700.01000000', 'q': '0.00592000', 'f': 3251290985, 'l': 3251290985, 'T': 1698063546000, 'm': False, 'M': True}
2023-10-23 17:49:05,679 - INFO - {'e': 'aggTrade', 'E': 1698063546001, 's': 'BTCUSDT', 'a': 2734213973, 'p': '30700.01000000', 'q': '0.00592000', 'f': 3251290985, 'l': 3251290985, 'T': 1698063546000, 'm': False, 'M': True}
2023-10-23 17:49:07,721 - INFO - {'e': 'aggTrade', 'E': 1698063548059, 's': 'DOTUSDT', 'a': 221725333, 'p': '4.04800000', 'q': '35.58000000', 'f': 323198509, 'l': 323198511, 'T': 1698063548056, 'm': False, 'M': True}
2023-10-23 17:49:07,725 - INFO - {'e': 'aggTrade', 'E': 1698063548059, 's': 'DOTUSDT', 'a': 221725333, 'p': '4.04800000', 'q': '35.58000000', 'f': 323198509, 'l': 323198511, 'T': 1698063548056, 'm': False, 'M': True}
2023-10-23 17:49:09,781 - INFO - {'e': 'aggTrade', 'E': 1698063550132, 's': 'DOTUSDT', 'a': 221725348, 'p': '4.04300000', 'q': '90.08000000', 'f': 323198543, 'l': 323198543, 'T': 1698063550131, 'm': True, 'M': True}
2023-10-23 17:49:09,782 - INFO - {'e': 'aggTrade', 'E': 1698063550132, 's': 'DOTUSDT', 'a': 221725348, 'p': '4.04300000', 'q': '90.08000000', 'f': 323198543, 'l': 323198543, 'T': 1698063550131, 'm': True, 'M': True}
2023-10-23 17:49:11,839 - INFO - {'e': 'aggTrade', 'E': 1698063552181, 's': 'DOGEUSDT', 'a': 388984577, 'p': '0.06530000', 'q': '71895.00000000', 'f': 526809848, 'l': 526809855, 'T': 1698063552180, 'm': True, 'M': True}
2023-10-23 17:49:11,843 - INFO - {'e': 'aggTrade', 'E': 1698063552181, 's': 'DOGEUSDT', 'a': 388984577, 'p': '0.06530000', 'q': '71895.00000000', 'f': 526809848, 'l': 526809855, 'T': 1698063552180, 'm': True, 'M': True}
2023-10-23 17:49:13,900 - INFO - {'e': 'aggTrade', 'E': 1698063554183, 's': 'ETHUSDT', 'a': 946320105, 'p': '1678.28000000', 'q': '0.00700000', 'f': 1214513221, 'l': 1214513221, 'T': 1698063554183, 'm': True, 'M': True}
2023-10-23 17:49:13,900 - INFO - {'e': 'aggTrade', 'E': 1698063554183, 's': 'ETHUSDT', 'a': 946320105, 'p': '1678.28000000', 'q': '0.00700000', 'f': 1214513221, 'l': 1214513221, 'T': 1698063554183, 'm': True, 'M': True}
2023-10-23 17:49:18,007 - ERROR - Exception Occured HTTPConnectionPool(host='localhost', port=5000): Max retries exceeded with url: /ltm (Caused by NewConnectionError('<urllib3.connection.HTTPConnection object at 0x000001F394437E10>: Failed to establish a new connection: [WinError 10061] No connection could be made because the target machine actively refused it'))
2023-10-23 17:49:18,007 - ERROR - No data available
