2023-10-25 17:08:10,167 - INFO - {'e': 'aggTrade', 'E': 1698233890540, 's': 'DOGEUSDT', 'a': 389247555, 'p': '0.06587000', 'q': '75007.00000000', 'f': 527287480, 'l': 527287484, 'T': 1698233890539, 'm': False, 'M': True}
2023-10-25 17:08:10,181 - INFO - {'e': 'aggTrade', 'E': 1698233890540, 's': 'DOGEUSDT', 'a': 389247555, 'p': '0.06587000', 'q': '75007.00000000', 'f': 527287480, 'l': 527287484, 'T': 1698233890539, 'm': False, 'M': True}
2023-10-25 17:08:12,226 - INFO - {'e': 'aggTrade', 'E': 1698233893087, 's': 'BTCUSDT', 'a': 2738158730, 'p': '34280.21000000', 'q': '0.00149000', 'f': 3256541267, 'l': 3256541267, 'T': 1698233893086, 'm': False, 'M': True}
2023-10-25 17:08:12,226 - INFO - {'e': 'aggTrade', 'E': 1698233893087, 's': 'BTCUSDT', 'a': 2738158730, 'p': '34280.21000000', 'q': '0.00149000', 'f': 3256541267, 'l': 3256541267, 'T': 1698233893086, 'm': False, 'M': True}
2023-10-25 17:08:14,283 - INFO - {'e': 'aggTrade', 'E': 1698233895137, 's': 'TRXUSDT', 'a': 178839270, 'p': '0.09329000', 'q': '235.30000000', 'f': 254718517, 'l': 254718517, 'T': 1698233895136, 'm': False, 'M': True}
2023-10-25 17:08:14,283 - INFO - {'e': 'aggTrade', 'E': 1698233895137, 's': 'TRXUSDT', 'a': 178839270, 'p': '0.09329000', 'q': '235.30000000', 'f': 254718517, 'l': 254718517, 'T': 1698233895136, 'm': False, 'M': True}
2023-10-25 17:08:16,332 - INFO - {'e': 'aggTrade', 'E': 1698233897124, 's': 'BTCUSDT', 'a': 2738158748, 'p': '34280.20000000', 'q': '0.44471000', 'f': 3256541300, 'l': 3256541301, 'T': 1698233897123, 'm': True, 'M': True}
2023-10-25 17:08:16,332 - INFO - {'e': 'aggTrade', 'E': 1698233897124, 's': 'BTCUSDT', 'a': 2738158748, 'p': '34280.20000000', 'q': '0.44471000', 'f': 3256541300, 'l': 3256541301, 'T': 1698233897123, 'm': True, 'M': True}
2023-10-25 17:08:18,378 - INFO - {'e': 'aggTrade', 'E': 1698233899127, 's': 'XRPUSDT', 'a': 396879275, 'p': '0.55120000', 'q': '1340.00000000', 'f': 559063603, 'l': 559063604, 'T': 1698233899126, 'm': True, 'M': True}
2023-10-25 17:08:18,378 - INFO - {'e': 'aggTrade', 'E': 1698233899127, 's': 'XRPUSDT', 'a': 396879275, 'p': '0.55120000', 'q': '1340.00000000', 'f': 559063603, 'l': 559063604, 'T': 1698233899126, 'm': True, 'M': True}
2023-10-25 17:08:20,441 - INFO - {'e': 'aggTrade', 'E': 1698233901207, 's': 'ETHUSDT', 'a': 947962397, 'p': '1784.97000000', 'q': '0.37500000', 'f': 1216857966, 'l': 1216857966, 'T': 1698233901206, 'm': False, 'M': True}
2023-10-25 17:08:20,442 - INFO - {'e': 'aggTrade', 'E': 1698233901207, 's': 'ETHUSDT', 'a': 947962397, 'p': '1784.97000000', 'q': '0.37500000', 'f': 1216857966, 'l': 1216857966, 'T': 1698233901206, 'm': False, 'M': True}
2023-10-25 17:08:22,497 - INFO - {'e': 'aggTrade', 'E': 1698233903308, 's': 'TRXUSDT', 'a': 178839277, 'p': '0.09328000', 'q': '367.00000000', 'f': 254718536, 'l': 254718538, 'T': 1698233903307, 'm': False, 'M': True}
2023-10-25 17:08:22,500 - INFO - {'e': 'aggTrade', 'E': 1698233903308, 's': 'TRXUSDT', 'a': 178839277, 'p': '0.09328000', 'q': '367.00000000', 'f': 254718536, 'l': 254718538, 'T': 1698233903307, 'm': False, 'M': True}
2023-10-25 17:08:24,563 - INFO - {'e': 'aggTrade', 'E': 1698233905316, 's': 'APTUSDT', 'a': 42911757, 'p': '6.37830000', 'q': '56.62000000', 'f': 48893881, 'l': 48893881, 'T': 1698233905316, 'm': True, 'M': True}
2023-10-25 17:08:24,563 - INFO - {'e': 'aggTrade', 'E': 1698233905316, 's': 'APTUSDT', 'a': 42911757, 'p': '6.37830000', 'q': '56.62000000', 'f': 48893881, 'l': 48893881, 'T': 1698233905316, 'm': True, 'M': True}
2023-10-25 17:08:26,612 - INFO - {'e': 'aggTrade', 'E': 1698233907316, 's': 'BTCUSDT', 'a': 2738158910, 'p': '34286.14000000', 'q': '0.11850000', 'f': 3256541487, 'l': 3256541488, 'T': 1698233907316, 'm': False, 'M': True}
2023-10-25 17:08:26,626 - INFO - {'e': 'aggTrade', 'E': 1698233907316, 's': 'BTCUSDT', 'a': 2738158910, 'p': '34286.14000000', 'q': '0.11850000', 'f': 3256541487, 'l': 3256541488, 'T': 1698233907316, 'm': False, 'M': True}
2023-10-25 17:08:28,678 - INFO - {'e': 'aggTrade', 'E': 1698233909507, 's': 'ETHUSDT', 'a': 947962470, 'p': '1785.90000000', 'q': '1.43550000', 'f': 1216858067, 'l': 1216858067, 'T': 1698233909506, 'm': False, 'M': True}
2023-10-25 17:08:28,678 - INFO - {'e': 'aggTrade', 'E': 1698233909507, 's': 'ETHUSDT', 'a': 947962470, 'p': '1785.90000000', 'q': '1.43550000', 'f': 1216858067, 'l': 1216858067, 'T': 1698233909506, 'm': False, 'M': True}
2023-10-25 17:08:30,723 - INFO - {'e': 'aggTrade', 'E': 1698233911587, 's': 'BTCUSDT', 'a': 2738158950, 'p': '34287.35000000', 'q': '0.00245000', 'f': 3256541532, 'l': 3256541532, 'T': 1698233911586, 'm': True, 'M': True}
2023-10-25 17:08:30,723 - INFO - {'e': 'aggTrade', 'E': 1698233911587, 's': 'BTCUSDT', 'a': 2738158950, 'p': '34287.35000000', 'q': '0.00245000', 'f': 3256541532, 'l': 3256541532, 'T': 1698233911586, 'm': True, 'M': True}
2023-10-25 17:08:32,782 - INFO - {'e': 'aggTrade', 'E': 1698233913663, 's': 'BTCUSDT', 'a': 2738158961, 'p': '34287.35000000', 'q': '0.00089000', 'f': 3256541546, 'l': 3256541546, 'T': 1698233913662, 'm': True, 'M': True}
2023-10-25 17:08:32,784 - INFO - {'e': 'aggTrade', 'E': 1698233913663, 's': 'BTCUSDT', 'a': 2738158961, 'p': '34287.35000000', 'q': '0.00089000', 'f': 3256541546, 'l': 3256541546, 'T': 1698233913662, 'm': True, 'M': True}
2023-10-25 17:08:34,836 - INFO - {'e': 'aggTrade', 'E': 1698233915271, 's': 'BTCUSDT', 'a': 2738158972, 'p': '34287.35000000', 'q': '0.00267000', 'f': 3256541557, 'l': 3256541557, 'T': 1698233915271, 'm': True, 'M': True}
2023-10-25 17:08:34,838 - INFO - {'e': 'aggTrade', 'E': 1698233915271, 's': 'BTCUSDT', 'a': 2738158972, 'p': '34287.35000000', 'q': '0.00267000', 'f': 3256541557, 'l': 3256541557, 'T': 1698233915271, 'm': True, 'M': True}
2023-10-25 17:08:36,894 - INFO - {'e': 'aggTrade', 'E': 1698233917722, 's': 'BTCUSDT', 'a': 2738158977, 'p': '34287.36000000', 'q': '0.41766000', 'f': 3256541562, 'l': 3256541566, 'T': 1698233917721, 'm': False, 'M': True}
2023-10-25 17:08:36,894 - INFO - {'e': 'aggTrade', 'E': 1698233917722, 's': 'BTCUSDT', 'a': 2738158977, 'p': '34287.36000000', 'q': '0.41766000', 'f': 3256541562, 'l': 3256541566, 'T': 1698233917721, 'm': False, 'M': True}
2023-10-25 17:08:38,944 - INFO - {'e': 'aggTrade', 'E': 1698233919763, 's': 'ETHUSDT', 'a': 947962498, 'p': '1786.15000000', 'q': '0.49700000', 'f': 1216858099, 'l': 1216858099, 'T': 1698233919762, 'm': False, 'M': True}
2023-10-25 17:08:38,945 - INFO - {'e': 'aggTrade', 'E': 1698233919763, 's': 'ETHUSDT', 'a': 947962498, 'p': '1786.15000000', 'q': '0.49700000', 'f': 1216858099, 'l': 1216858099, 'T': 1698233919762, 'm': False, 'M': True}
2023-10-25 17:08:40,996 - INFO - {'e': 'aggTrade', 'E': 1698233921871, 's': 'ETHUSDT', 'a': 947962501, 'p': '1786.15000000', 'q': '0.49700000', 'f': 1216858102, 'l': 1216858102, 'T': 1698233921871, 'm': False, 'M': True}
2023-10-25 17:08:40,998 - INFO - {'e': 'aggTrade', 'E': 1698233921871, 's': 'ETHUSDT', 'a': 947962501, 'p': '1786.15000000', 'q': '0.49700000', 'f': 1216858102, 'l': 1216858102, 'T': 1698233921871, 'm': False, 'M': True}
2023-10-25 17:08:43,043 - INFO - {'e': 'aggTrade', 'E': 1698233923924, 's': 'DOGEUSDT', 'a': 389247567, 'p': '0.06590000', 'q': '156.00000000', 'f': 527287502, 'l': 527287502, 'T': 1698233923923, 'm': True, 'M': True}
2023-10-25 17:08:43,053 - INFO - {'e': 'aggTrade', 'E': 1698233923924, 's': 'DOGEUSDT', 'a': 389247567, 'p': '0.06590000', 'q': '156.00000000', 'f': 527287502, 'l': 527287502, 'T': 1698233923923, 'm': True, 'M': True}
2023-10-25 17:08:45,100 - INFO - {'e': 'aggTrade', 'E': 1698233925532, 's': 'TRXUSDT', 'a': 178839292, 'p': '0.09330000', 'q': '1595.90000000', 'f': 254718563, 'l': 254718563, 'T': 1698233925531, 'm': False, 'M': True}
2023-10-25 17:08:45,100 - INFO - {'e': 'aggTrade', 'E': 1698233925532, 's': 'TRXUSDT', 'a': 178839292, 'p': '0.09330000', 'q': '1595.90000000', 'f': 254718563, 'l': 254718563, 'T': 1698233925531, 'm': False, 'M': True}
2023-10-25 17:08:47,175 - INFO - {'e': 'aggTrade', 'E': 1698233928041, 's': 'DOGEUSDT', 'a': 389247572, 'p': '0.06589000', 'q': '400.00000000', 'f': 527287507, 'l': 527287507, 'T': 1698233928040, 'm': False, 'M': True}
2023-10-25 17:08:47,175 - INFO - {'e': 'aggTrade', 'E': 1698233928041, 's': 'DOGEUSDT', 'a': 389247572, 'p': '0.06589000', 'q': '400.00000000', 'f': 527287507, 'l': 527287507, 'T': 1698233928040, 'm': False, 'M': True}
2023-10-25 17:08:49,229 - INFO - {'e': 'aggTrade', 'E': 1698233930091, 's': 'BTCUSDT', 'a': 2738159112, 'p': '34274.82000000', 'q': '0.00759000', 'f': 3256541735, 'l': 3256541735, 'T': 1698233930091, 'm': False, 'M': True}
2023-10-25 17:08:49,231 - INFO - {'e': 'aggTrade', 'E': 1698233930091, 's': 'BTCUSDT', 'a': 2738159112, 'p': '34274.82000000', 'q': '0.00759000', 'f': 3256541735, 'l': 3256541735, 'T': 1698233930091, 'm': False, 'M': True}
2023-10-25 17:08:51,300 - INFO - {'e': 'aggTrade', 'E': 1698233932046, 's': 'BTCUSDT', 'a': 2738159119, 'p': '34274.81000000', 'q': '0.00291000', 'f': 3256541743, 'l': 3256541743, 'T': 1698233932046, 'm': True, 'M': True}
2023-10-25 17:08:51,300 - INFO - {'e': 'aggTrade', 'E': 1698233932046, 's': 'BTCUSDT', 'a': 2738159119, 'p': '34274.81000000', 'q': '0.00291000', 'f': 3256541743, 'l': 3256541743, 'T': 1698233932046, 'm': True, 'M': True}
2023-10-25 17:08:53,349 - INFO - {'e': 'aggTrade', 'E': 1698233933532, 's': 'ETHUSDT', 'a': 947962555, 'p': '1785.52000000', 'q': '0.02190000', 'f': 1216858173, 'l': 1216858173, 'T': 1698233933531, 'm': True, 'M': True}
2023-10-25 17:08:53,349 - INFO - {'e': 'aggTrade', 'E': 1698233933532, 's': 'ETHUSDT', 'a': 947962555, 'p': '1785.52000000', 'q': '0.02190000', 'f': 1216858173, 'l': 1216858173, 'T': 1698233933531, 'm': True, 'M': True}
2023-10-25 17:08:55,391 - INFO - {'e': 'aggTrade', 'E': 1698233936147, 's': 'DOTUSDT', 'a': 221887072, 'p': '4.21200000', 'q': '4.98000000', 'f': 323504165, 'l': 323504165, 'T': 1698233936146, 'm': True, 'M': True}
2023-10-25 17:08:55,391 - INFO - {'e': 'aggTrade', 'E': 1698233936147, 's': 'DOTUSDT', 'a': 221887072, 'p': '4.21200000', 'q': '4.98000000', 'f': 323504165, 'l': 323504165, 'T': 1698233936146, 'm': True, 'M': True}
2023-10-25 17:08:57,424 - INFO - {'e': 'aggTrade', 'E': 1698233938049, 's': 'BTCUSDT', 'a': 2738159138, 'p': '34274.81000000', 'q': '0.00041000', 'f': 3256541764, 'l': 3256541764, 'T': 1698233938049, 'm': True, 'M': True}
2023-10-25 17:08:57,424 - INFO - {'e': 'aggTrade', 'E': 1698233938049, 's': 'BTCUSDT', 'a': 2738159138, 'p': '34274.81000000', 'q': '0.00041000', 'f': 3256541764, 'l': 3256541764, 'T': 1698233938049, 'm': True, 'M': True}
2023-10-25 17:08:59,471 - INFO - {'e': 'aggTrade', 'E': 1698233940265, 's': 'BTCUSDT', 'a': 2738159264, 'p': '34278.74000000', 'q': '0.01167000', 'f': 3256541903, 'l': 3256541903, 'T': 1698233940265, 'm': True, 'M': True}
2023-10-25 17:08:59,471 - INFO - {'e': 'aggTrade', 'E': 1698233940265, 's': 'BTCUSDT', 'a': 2738159264, 'p': '34278.74000000', 'q': '0.01167000', 'f': 3256541903, 'l': 3256541903, 'T': 1698233940265, 'm': True, 'M': True}
2023-10-25 17:09:01,539 - INFO - {'e': 'aggTrade', 'E': 1698233942372, 's': 'BTCUSDT', 'a': 2738159271, 'p': '34278.74000000', 'q': '0.00173000', 'f': 3256541910, 'l': 3256541910, 'T': 1698233942372, 'm': True, 'M': True}
2023-10-25 17:09:01,539 - INFO - {'e': 'aggTrade', 'E': 1698233942372, 's': 'BTCUSDT', 'a': 2738159271, 'p': '34278.74000000', 'q': '0.00173000', 'f': 3256541910, 'l': 3256541910, 'T': 1698233942372, 'm': True, 'M': True}
2023-10-25 17:09:03,606 - INFO - {'e': 'aggTrade', 'E': 1698233944464, 's': 'ETHUSDT', 'a': 947962666, 'p': '1785.70000000', 'q': '0.00680000', 'f': 1216858293, 'l': 1216858293, 'T': 1698233944463, 'm': False, 'M': True}
2023-10-25 17:09:03,606 - INFO - {'e': 'aggTrade', 'E': 1698233944464, 's': 'ETHUSDT', 'a': 947962666, 'p': '1785.70000000', 'q': '0.00680000', 'f': 1216858293, 'l': 1216858293, 'T': 1698233944463, 'm': False, 'M': True}
2023-10-25 17:09:05,688 - INFO - {'e': 'aggTrade', 'E': 1698233946504, 's': 'BTCUSDT', 'a': 2738159289, 'p': '34278.74000000', 'q': '0.00291000', 'f': 3256541932, 'l': 3256541932, 'T': 1698233946503, 'm': True, 'M': True}
2023-10-25 17:09:05,688 - INFO - {'e': 'aggTrade', 'E': 1698233946504, 's': 'BTCUSDT', 'a': 2738159289, 'p': '34278.74000000', 'q': '0.00291000', 'f': 3256541932, 'l': 3256541932, 'T': 1698233946503, 'm': True, 'M': True}
2023-10-25 17:09:07,751 - INFO - {'e': 'aggTrade', 'E': 1698233948591, 's': 'BTCUSDT', 'a': 2738159296, 'p': '34278.74000000', 'q': '0.24494000', 'f': 3256541939, 'l': 3256541939, 'T': 1698233948591, 'm': True, 'M': True}
2023-10-25 17:09:07,751 - INFO - {'e': 'aggTrade', 'E': 1698233948591, 's': 'BTCUSDT', 'a': 2738159296, 'p': '34278.74000000', 'q': '0.24494000', 'f': 3256541939, 'l': 3256541939, 'T': 1698233948591, 'm': True, 'M': True}
2023-10-25 17:09:09,829 - INFO - {'e': 'aggTrade', 'E': 1698233950568, 's': 'BTCUSDT', 'a': 2738159347, 'p': '34283.91000000', 'q': '0.01777000', 'f': 3256541999, 'l': 3256541999, 'T': 1698233950568, 'm': True, 'M': True}
2023-10-25 17:09:09,829 - INFO - {'e': 'aggTrade', 'E': 1698233950568, 's': 'BTCUSDT', 'a': 2738159347, 'p': '34283.91000000', 'q': '0.01777000', 'f': 3256541999, 'l': 3256541999, 'T': 1698233950568, 'm': True, 'M': True}
2023-10-25 17:09:11,914 - INFO - {'e': 'aggTrade', 'E': 1698233952780, 's': 'BTCUSDT', 'a': 2738159358, 'p': '34284.72000000', 'q': '0.00611000', 'f': 3256542012, 'l': 3256542013, 'T': 1698233952779, 'm': True, 'M': True}
2023-10-25 17:09:11,919 - INFO - {'e': 'aggTrade', 'E': 1698233952780, 's': 'BTCUSDT', 'a': 2738159358, 'p': '34284.72000000', 'q': '0.00611000', 'f': 3256542012, 'l': 3256542013, 'T': 1698233952779, 'm': True, 'M': True}
2023-10-25 17:09:13,984 - INFO - {'e': 'aggTrade', 'E': 1698233954860, 's': 'BTCUSDT', 'a': 2738159369, 'p': '34283.91000000', 'q': '0.27236000', 'f': 3256542030, 'l': 3256542038, 'T': 1698233954859, 'm': True, 'M': True}
2023-10-25 17:09:13,984 - INFO - {'e': 'aggTrade', 'E': 1698233954860, 's': 'BTCUSDT', 'a': 2738159369, 'p': '34283.91000000', 'q': '0.27236000', 'f': 3256542030, 'l': 3256542038, 'T': 1698233954859, 'm': True, 'M': True}
2023-10-25 17:09:16,060 - INFO - {'e': 'aggTrade', 'E': 1698233956924, 's': 'BTCUSDT', 'a': 2738159403, 'p': '34281.34000000', 'q': '0.00134000', 'f': 3256542073, 'l': 3256542073, 'T': 1698233956924, 'm': True, 'M': True}
2023-10-25 17:09:16,064 - INFO - {'e': 'aggTrade', 'E': 1698233956924, 's': 'BTCUSDT', 'a': 2738159403, 'p': '34281.34000000', 'q': '0.00134000', 'f': 3256542073, 'l': 3256542073, 'T': 1698233956924, 'm': True, 'M': True}
2023-10-25 17:09:18,133 - INFO - {'e': 'aggTrade', 'E': 1698233958720, 's': 'ETHUSDT', 'a': 947962724, 'p': '1786.05000000', 'q': '0.08780000', 'f': 1216858360, 'l': 1216858360, 'T': 1698233958719, 'm': True, 'M': True}
2023-10-25 17:09:18,135 - INFO - {'e': 'aggTrade', 'E': 1698233958720, 's': 'ETHUSDT', 'a': 947962724, 'p': '1786.05000000', 'q': '0.08780000', 'f': 1216858360, 'l': 1216858360, 'T': 1698233958719, 'm': True, 'M': True}
2023-10-25 17:09:20,202 - INFO - {'e': 'aggTrade', 'E': 1698233961043, 's': 'BTCUSDT', 'a': 2738159444, 'p': '34283.15000000', 'q': '0.00069000', 'f': 3256542121, 'l': 3256542121, 'T': 1698233961043, 'm': True, 'M': True}
2023-10-25 17:09:20,202 - INFO - {'e': 'aggTrade', 'E': 1698233961043, 's': 'BTCUSDT', 'a': 2738159444, 'p': '34283.15000000', 'q': '0.00069000', 'f': 3256542121, 'l': 3256542121, 'T': 1698233961043, 'm': True, 'M': True}
2023-10-25 17:09:22,265 - INFO - {'e': 'aggTrade', 'E': 1698233963108, 's': 'BTCUSDT', 'a': 2738159485, 'p': '34283.16000000', 'q': '0.00070000', 'f': 3256542165, 'l': 3256542165, 'T': 1698233963107, 'm': False, 'M': True}
2023-10-25 17:09:22,265 - INFO - {'e': 'aggTrade', 'E': 1698233963108, 's': 'BTCUSDT', 'a': 2738159485, 'p': '34283.16000000', 'q': '0.00070000', 'f': 3256542165, 'l': 3256542165, 'T': 1698233963107, 'm': False, 'M': True}
2023-10-25 17:09:24,331 - INFO - {'e': 'aggTrade', 'E': 1698233965180, 's': 'BTCUSDT', 'a': 2738159505, 'p': '34283.16000000', 'q': '0.00030000', 'f': 3256542188, 'l': 3256542188, 'T': 1698233965179, 'm': False, 'M': True}
2023-10-25 17:09:24,331 - INFO - {'e': 'aggTrade', 'E': 1698233965180, 's': 'BTCUSDT', 'a': 2738159505, 'p': '34283.16000000', 'q': '0.00030000', 'f': 3256542188, 'l': 3256542188, 'T': 1698233965179, 'm': False, 'M': True}
2023-10-25 17:09:26,363 - INFO - {'e': 'aggTrade', 'E': 1698233966973, 's': 'XRPUSDT', 'a': 396879351, 'p': '0.55130000', 'q': '10000.00000000', 'f': 559063737, 'l': 559063744, 'T': 1698233966972, 'm': True, 'M': True}
2023-10-25 17:09:26,365 - INFO - {'e': 'aggTrade', 'E': 1698233966973, 's': 'XRPUSDT', 'a': 396879351, 'p': '0.55130000', 'q': '10000.00000000', 'f': 559063737, 'l': 559063744, 'T': 1698233966972, 'm': True, 'M': True}
2023-10-25 17:09:28,414 - INFO - {'e': 'aggTrade', 'E': 1698233969169, 's': 'BTCUSDT', 'a': 2738159547, 'p': '34279.80000000', 'q': '0.00109000', 'f': 3256542252, 'l': 3256542252, 'T': 1698233969168, 'm': True, 'M': True}
2023-10-25 17:09:28,414 - INFO - {'e': 'aggTrade', 'E': 1698233969169, 's': 'BTCUSDT', 'a': 2738159547, 'p': '34279.80000000', 'q': '0.00109000', 'f': 3256542252, 'l': 3256542252, 'T': 1698233969168, 'm': True, 'M': True}
2023-10-25 17:09:30,466 - INFO - {'e': 'aggTrade', 'E': 1698233971273, 's': 'ETHUSDT', 'a': 947962831, 'p': '1785.68000000', 'q': '0.00910000', 'f': 1216858480, 'l': 1216858480, 'T': 1698233971272, 'm': True, 'M': True}
2023-10-25 17:09:30,466 - INFO - {'e': 'aggTrade', 'E': 1698233971273, 's': 'ETHUSDT', 'a': 947962831, 'p': '1785.68000000', 'q': '0.00910000', 'f': 1216858480, 'l': 1216858480, 'T': 1698233971272, 'm': True, 'M': True}
2023-10-25 17:09:32,513 - INFO - {'e': 'aggTrade', 'E': 1698233972307, 's': 'DOGEUSDT', 'a': 389247589, 'p': '0.06590000', 'q': '400.00000000', 'f': 527287549, 'l': 527287549, 'T': 1698233972307, 'm': True, 'M': True}
2023-10-25 17:09:32,515 - INFO - {'e': 'aggTrade', 'E': 1698233972307, 's': 'DOGEUSDT', 'a': 389247589, 'p': '0.06590000', 'q': '400.00000000', 'f': 527287549, 'l': 527287549, 'T': 1698233972307, 'm': True, 'M': True}
2023-10-25 17:09:34,540 - INFO - {'e': 'aggTrade', 'E': 1698233972307, 's': 'DOGEUSDT', 'a': 389247589, 'p': '0.06590000', 'q': '400.00000000', 'f': 527287549, 'l': 527287549, 'T': 1698233972307, 'm': True, 'M': True}
2023-10-25 17:09:34,542 - INFO - {'e': 'aggTrade', 'E': 1698233972307, 's': 'DOGEUSDT', 'a': 389247589, 'p': '0.06590000', 'q': '400.00000000', 'f': 527287549, 'l': 527287549, 'T': 1698233972307, 'm': True, 'M': True}
2023-10-25 17:09:36,611 - INFO - {'e': 'aggTrade', 'E': 1698233972307, 's': 'DOGEUSDT', 'a': 389247589, 'p': '0.06590000', 'q': '400.00000000', 'f': 527287549, 'l': 527287549, 'T': 1698233972307, 'm': True, 'M': True}
2023-10-25 17:09:36,614 - INFO - {'e': 'aggTrade', 'E': 1698233972307, 's': 'DOGEUSDT', 'a': 389247589, 'p': '0.06590000', 'q': '400.00000000', 'f': 527287549, 'l': 527287549, 'T': 1698233972307, 'm': True, 'M': True}
2023-10-25 17:09:38,695 - INFO - {'e': 'aggTrade', 'E': 1698233972307, 's': 'DOGEUSDT', 'a': 389247589, 'p': '0.06590000', 'q': '400.00000000', 'f': 527287549, 'l': 527287549, 'T': 1698233972307, 'm': True, 'M': True}
2023-10-25 17:09:38,702 - INFO - {'e': 'aggTrade', 'E': 1698233972307, 's': 'DOGEUSDT', 'a': 389247589, 'p': '0.06590000', 'q': '400.00000000', 'f': 527287549, 'l': 527287549, 'T': 1698233972307, 'm': True, 'M': True}
2023-10-25 17:09:40,760 - INFO - {'e': 'aggTrade', 'E': 1698233972307, 's': 'DOGEUSDT', 'a': 389247589, 'p': '0.06590000', 'q': '400.00000000', 'f': 527287549, 'l': 527287549, 'T': 1698233972307, 'm': True, 'M': True}
2023-10-25 17:09:40,765 - INFO - {'e': 'aggTrade', 'E': 1698233972307, 's': 'DOGEUSDT', 'a': 389247589, 'p': '0.06590000', 'q': '400.00000000', 'f': 527287549, 'l': 527287549, 'T': 1698233972307, 'm': True, 'M': True}
2023-10-25 17:09:42,810 - INFO - {'e': 'aggTrade', 'E': 1698233972307, 's': 'DOGEUSDT', 'a': 389247589, 'p': '0.06590000', 'q': '400.00000000', 'f': 527287549, 'l': 527287549, 'T': 1698233972307, 'm': True, 'M': True}
2023-10-25 17:09:42,810 - INFO - {'e': 'aggTrade', 'E': 1698233972307, 's': 'DOGEUSDT', 'a': 389247589, 'p': '0.06590000', 'q': '400.00000000', 'f': 527287549, 'l': 527287549, 'T': 1698233972307, 'm': True, 'M': True}
2023-10-25 17:09:44,863 - INFO - {'e': 'aggTrade', 'E': 1698233972307, 's': 'DOGEUSDT', 'a': 389247589, 'p': '0.06590000', 'q': '400.00000000', 'f': 527287549, 'l': 527287549, 'T': 1698233972307, 'm': True, 'M': True}
2023-10-25 17:09:44,863 - INFO - {'e': 'aggTrade', 'E': 1698233972307, 's': 'DOGEUSDT', 'a': 389247589, 'p': '0.06590000', 'q': '400.00000000', 'f': 527287549, 'l': 527287549, 'T': 1698233972307, 'm': True, 'M': True}
2023-10-25 17:09:46,909 - INFO - {'e': 'aggTrade', 'E': 1698233972307, 's': 'DOGEUSDT', 'a': 389247589, 'p': '0.06590000', 'q': '400.00000000', 'f': 527287549, 'l': 527287549, 'T': 1698233972307, 'm': True, 'M': True}
2023-10-25 17:09:46,910 - INFO - {'e': 'aggTrade', 'E': 1698233972307, 's': 'DOGEUSDT', 'a': 389247589, 'p': '0.06590000', 'q': '400.00000000', 'f': 527287549, 'l': 527287549, 'T': 1698233972307, 'm': True, 'M': True}
2023-10-25 17:09:48,971 - INFO - {'e': 'aggTrade', 'E': 1698233972307, 's': 'DOGEUSDT', 'a': 389247589, 'p': '0.06590000', 'q': '400.00000000', 'f': 527287549, 'l': 527287549, 'T': 1698233972307, 'm': True, 'M': True}
2023-10-25 17:09:48,971 - INFO - {'e': 'aggTrade', 'E': 1698233972307, 's': 'DOGEUSDT', 'a': 389247589, 'p': '0.06590000', 'q': '400.00000000', 'f': 527287549, 'l': 527287549, 'T': 1698233972307, 'm': True, 'M': True}
2023-10-25 17:09:51,029 - INFO - {'e': 'aggTrade', 'E': 1698233972307, 's': 'DOGEUSDT', 'a': 389247589, 'p': '0.06590000', 'q': '400.00000000', 'f': 527287549, 'l': 527287549, 'T': 1698233972307, 'm': True, 'M': True}
2023-10-25 17:09:51,033 - INFO - {'e': 'aggTrade', 'E': 1698233972307, 's': 'DOGEUSDT', 'a': 389247589, 'p': '0.06590000', 'q': '400.00000000', 'f': 527287549, 'l': 527287549, 'T': 1698233972307, 'm': True, 'M': True}
2023-10-25 17:09:53,103 - INFO - {'e': 'aggTrade', 'E': 1698233972307, 's': 'DOGEUSDT', 'a': 389247589, 'p': '0.06590000', 'q': '400.00000000', 'f': 527287549, 'l': 527287549, 'T': 1698233972307, 'm': True, 'M': True}
2023-10-25 17:09:53,108 - INFO - {'e': 'aggTrade', 'E': 1698233972307, 's': 'DOGEUSDT', 'a': 389247589, 'p': '0.06590000', 'q': '400.00000000', 'f': 527287549, 'l': 527287549, 'T': 1698233972307, 'm': True, 'M': True}
2023-10-25 17:09:55,154 - INFO - {'e': 'aggTrade', 'E': 1698233972307, 's': 'DOGEUSDT', 'a': 389247589, 'p': '0.06590000', 'q': '400.00000000', 'f': 527287549, 'l': 527287549, 'T': 1698233972307, 'm': True, 'M': True}
2023-10-25 17:09:55,154 - INFO - {'e': 'aggTrade', 'E': 1698233972307, 's': 'DOGEUSDT', 'a': 389247589, 'p': '0.06590000', 'q': '400.00000000', 'f': 527287549, 'l': 527287549, 'T': 1698233972307, 'm': True, 'M': True}
2023-10-25 17:09:57,205 - INFO - {'e': 'aggTrade', 'E': 1698233972307, 's': 'DOGEUSDT', 'a': 389247589, 'p': '0.06590000', 'q': '400.00000000', 'f': 527287549, 'l': 527287549, 'T': 1698233972307, 'm': True, 'M': True}
2023-10-25 17:09:57,205 - INFO - {'e': 'aggTrade', 'E': 1698233972307, 's': 'DOGEUSDT', 'a': 389247589, 'p': '0.06590000', 'q': '400.00000000', 'f': 527287549, 'l': 527287549, 'T': 1698233972307, 'm': True, 'M': True}
2023-10-25 17:09:59,270 - INFO - {'e': 'aggTrade', 'E': 1698233972307, 's': 'DOGEUSDT', 'a': 389247589, 'p': '0.06590000', 'q': '400.00000000', 'f': 527287549, 'l': 527287549, 'T': 1698233972307, 'm': True, 'M': True}
2023-10-25 17:09:59,270 - INFO - {'e': 'aggTrade', 'E': 1698233972307, 's': 'DOGEUSDT', 'a': 389247589, 'p': '0.06590000', 'q': '400.00000000', 'f': 527287549, 'l': 527287549, 'T': 1698233972307, 'm': True, 'M': True}
2023-10-25 17:10:01,304 - INFO - {'e': 'aggTrade', 'E': 1698233972307, 's': 'DOGEUSDT', 'a': 389247589, 'p': '0.06590000', 'q': '400.00000000', 'f': 527287549, 'l': 527287549, 'T': 1698233972307, 'm': True, 'M': True}
2023-10-25 17:10:01,304 - INFO - {'e': 'aggTrade', 'E': 1698233972307, 's': 'DOGEUSDT', 'a': 389247589, 'p': '0.06590000', 'q': '400.00000000', 'f': 527287549, 'l': 527287549, 'T': 1698233972307, 'm': True, 'M': True}
2023-10-25 17:10:03,359 - INFO - {'e': 'aggTrade', 'E': 1698233972307, 's': 'DOGEUSDT', 'a': 389247589, 'p': '0.06590000', 'q': '400.00000000', 'f': 527287549, 'l': 527287549, 'T': 1698233972307, 'm': True, 'M': True}
2023-10-25 17:10:03,363 - INFO - {'e': 'aggTrade', 'E': 1698233972307, 's': 'DOGEUSDT', 'a': 389247589, 'p': '0.06590000', 'q': '400.00000000', 'f': 527287549, 'l': 527287549, 'T': 1698233972307, 'm': True, 'M': True}
2023-10-25 17:10:05,425 - INFO - {'e': 'aggTrade', 'E': 1698233972307, 's': 'DOGEUSDT', 'a': 389247589, 'p': '0.06590000', 'q': '400.00000000', 'f': 527287549, 'l': 527287549, 'T': 1698233972307, 'm': True, 'M': True}
2023-10-25 17:10:05,426 - INFO - {'e': 'aggTrade', 'E': 1698233972307, 's': 'DOGEUSDT', 'a': 389247589, 'p': '0.06590000', 'q': '400.00000000', 'f': 527287549, 'l': 527287549, 'T': 1698233972307, 'm': True, 'M': True}
2023-10-25 17:10:07,470 - INFO - {'e': 'aggTrade', 'E': 1698233972307, 's': 'DOGEUSDT', 'a': 389247589, 'p': '0.06590000', 'q': '400.00000000', 'f': 527287549, 'l': 527287549, 'T': 1698233972307, 'm': True, 'M': True}
2023-10-25 17:10:07,475 - INFO - {'e': 'aggTrade', 'E': 1698233972307, 's': 'DOGEUSDT', 'a': 389247589, 'p': '0.06590000', 'q': '400.00000000', 'f': 527287549, 'l': 527287549, 'T': 1698233972307, 'm': True, 'M': True}
2023-10-25 17:10:09,516 - INFO - {'e': 'aggTrade', 'E': 1698233972307, 's': 'DOGEUSDT', 'a': 389247589, 'p': '0.06590000', 'q': '400.00000000', 'f': 527287549, 'l': 527287549, 'T': 1698233972307, 'm': True, 'M': True}
2023-10-25 17:10:09,519 - INFO - {'e': 'aggTrade', 'E': 1698233972307, 's': 'DOGEUSDT', 'a': 389247589, 'p': '0.06590000', 'q': '400.00000000', 'f': 527287549, 'l': 527287549, 'T': 1698233972307, 'm': True, 'M': True}
2023-10-25 17:10:11,578 - INFO - {'e': 'aggTrade', 'E': 1698233972307, 's': 'DOGEUSDT', 'a': 389247589, 'p': '0.06590000', 'q': '400.00000000', 'f': 527287549, 'l': 527287549, 'T': 1698233972307, 'm': True, 'M': True}
2023-10-25 17:10:11,580 - INFO - {'e': 'aggTrade', 'E': 1698233972307, 's': 'DOGEUSDT', 'a': 389247589, 'p': '0.06590000', 'q': '400.00000000', 'f': 527287549, 'l': 527287549, 'T': 1698233972307, 'm': True, 'M': True}
2023-10-25 17:10:13,664 - INFO - {'e': 'aggTrade', 'E': 1698233972307, 's': 'DOGEUSDT', 'a': 389247589, 'p': '0.06590000', 'q': '400.00000000', 'f': 527287549, 'l': 527287549, 'T': 1698233972307, 'm': True, 'M': True}
2023-10-25 17:10:13,664 - INFO - {'e': 'aggTrade', 'E': 1698233972307, 's': 'DOGEUSDT', 'a': 389247589, 'p': '0.06590000', 'q': '400.00000000', 'f': 527287549, 'l': 527287549, 'T': 1698233972307, 'm': True, 'M': True}
2023-10-25 17:10:15,764 - INFO - {'e': 'aggTrade', 'E': 1698233972307, 's': 'DOGEUSDT', 'a': 389247589, 'p': '0.06590000', 'q': '400.00000000', 'f': 527287549, 'l': 527287549, 'T': 1698233972307, 'm': True, 'M': True}
2023-10-25 17:10:15,764 - INFO - {'e': 'aggTrade', 'E': 1698233972307, 's': 'DOGEUSDT', 'a': 389247589, 'p': '0.06590000', 'q': '400.00000000', 'f': 527287549, 'l': 527287549, 'T': 1698233972307, 'm': True, 'M': True}
2023-10-25 17:10:17,854 - INFO - {'e': 'aggTrade', 'E': 1698233972307, 's': 'DOGEUSDT', 'a': 389247589, 'p': '0.06590000', 'q': '400.00000000', 'f': 527287549, 'l': 527287549, 'T': 1698233972307, 'm': True, 'M': True}
2023-10-25 17:10:17,859 - INFO - {'e': 'aggTrade', 'E': 1698233972307, 's': 'DOGEUSDT', 'a': 389247589, 'p': '0.06590000', 'q': '400.00000000', 'f': 527287549, 'l': 527287549, 'T': 1698233972307, 'm': True, 'M': True}
2023-10-25 17:10:19,938 - INFO - {'e': 'aggTrade', 'E': 1698233972307, 's': 'DOGEUSDT', 'a': 389247589, 'p': '0.06590000', 'q': '400.00000000', 'f': 527287549, 'l': 527287549, 'T': 1698233972307, 'm': True, 'M': True}
2023-10-25 17:10:19,939 - INFO - {'e': 'aggTrade', 'E': 1698233972307, 's': 'DOGEUSDT', 'a': 389247589, 'p': '0.06590000', 'q': '400.00000000', 'f': 527287549, 'l': 527287549, 'T': 1698233972307, 'm': True, 'M': True}
2023-10-25 17:10:22,003 - INFO - {'e': 'aggTrade', 'E': 1698233972307, 's': 'DOGEUSDT', 'a': 389247589, 'p': '0.06590000', 'q': '400.00000000', 'f': 527287549, 'l': 527287549, 'T': 1698233972307, 'm': True, 'M': True}
2023-10-25 17:10:22,003 - INFO - {'e': 'aggTrade', 'E': 1698233972307, 's': 'DOGEUSDT', 'a': 389247589, 'p': '0.06590000', 'q': '400.00000000', 'f': 527287549, 'l': 527287549, 'T': 1698233972307, 'm': True, 'M': True}
2023-10-25 17:10:24,086 - INFO - {'e': 'aggTrade', 'E': 1698233972307, 's': 'DOGEUSDT', 'a': 389247589, 'p': '0.06590000', 'q': '400.00000000', 'f': 527287549, 'l': 527287549, 'T': 1698233972307, 'm': True, 'M': True}
2023-10-25 17:10:24,086 - INFO - {'e': 'aggTrade', 'E': 1698233972307, 's': 'DOGEUSDT', 'a': 389247589, 'p': '0.06590000', 'q': '400.00000000', 'f': 527287549, 'l': 527287549, 'T': 1698233972307, 'm': True, 'M': True}
2023-10-25 17:10:26,167 - INFO - {'e': 'aggTrade', 'E': 1698233972307, 's': 'DOGEUSDT', 'a': 389247589, 'p': '0.06590000', 'q': '400.00000000', 'f': 527287549, 'l': 527287549, 'T': 1698233972307, 'm': True, 'M': True}
2023-10-25 17:10:26,167 - INFO - {'e': 'aggTrade', 'E': 1698233972307, 's': 'DOGEUSDT', 'a': 389247589, 'p': '0.06590000', 'q': '400.00000000', 'f': 527287549, 'l': 527287549, 'T': 1698233972307, 'm': True, 'M': True}
2023-10-25 17:10:28,250 - INFO - {'e': 'aggTrade', 'E': 1698233972307, 's': 'DOGEUSDT', 'a': 389247589, 'p': '0.06590000', 'q': '400.00000000', 'f': 527287549, 'l': 527287549, 'T': 1698233972307, 'm': True, 'M': True}
2023-10-25 17:10:28,250 - INFO - {'e': 'aggTrade', 'E': 1698233972307, 's': 'DOGEUSDT', 'a': 389247589, 'p': '0.06590000', 'q': '400.00000000', 'f': 527287549, 'l': 527287549, 'T': 1698233972307, 'm': True, 'M': True}
2023-10-25 17:10:30,335 - INFO - {'e': 'aggTrade', 'E': 1698233972307, 's': 'DOGEUSDT', 'a': 389247589, 'p': '0.06590000', 'q': '400.00000000', 'f': 527287549, 'l': 527287549, 'T': 1698233972307, 'm': True, 'M': True}
2023-10-25 17:10:30,335 - INFO - {'e': 'aggTrade', 'E': 1698233972307, 's': 'DOGEUSDT', 'a': 389247589, 'p': '0.06590000', 'q': '400.00000000', 'f': 527287549, 'l': 527287549, 'T': 1698233972307, 'm': True, 'M': True}
2023-10-25 17:10:32,397 - INFO - {'e': 'aggTrade', 'E': 1698233972307, 's': 'DOGEUSDT', 'a': 389247589, 'p': '0.06590000', 'q': '400.00000000', 'f': 527287549, 'l': 527287549, 'T': 1698233972307, 'm': True, 'M': True}
2023-10-25 17:10:32,398 - INFO - {'e': 'aggTrade', 'E': 1698233972307, 's': 'DOGEUSDT', 'a': 389247589, 'p': '0.06590000', 'q': '400.00000000', 'f': 527287549, 'l': 527287549, 'T': 1698233972307, 'm': True, 'M': True}
2023-10-25 17:10:34,470 - INFO - {'e': 'aggTrade', 'E': 1698233972307, 's': 'DOGEUSDT', 'a': 389247589, 'p': '0.06590000', 'q': '400.00000000', 'f': 527287549, 'l': 527287549, 'T': 1698233972307, 'm': True, 'M': True}
2023-10-25 17:10:34,470 - INFO - {'e': 'aggTrade', 'E': 1698233972307, 's': 'DOGEUSDT', 'a': 389247589, 'p': '0.06590000', 'q': '400.00000000', 'f': 527287549, 'l': 527287549, 'T': 1698233972307, 'm': True, 'M': True}
2023-10-25 17:10:36,498 - INFO - {'e': 'aggTrade', 'E': 1698233972307, 's': 'DOGEUSDT', 'a': 389247589, 'p': '0.06590000', 'q': '400.00000000', 'f': 527287549, 'l': 527287549, 'T': 1698233972307, 'm': True, 'M': True}
2023-10-25 17:10:36,504 - INFO - {'e': 'aggTrade', 'E': 1698233972307, 's': 'DOGEUSDT', 'a': 389247589, 'p': '0.06590000', 'q': '400.00000000', 'f': 527287549, 'l': 527287549, 'T': 1698233972307, 'm': True, 'M': True}
2023-10-25 17:10:38,546 - INFO - {'e': 'aggTrade', 'E': 1698233998095, 's': 'ETHUSDT', 'a': 947962942, 'p': '1785.62000000', 'q': '0.03990000', 'f': 1216858634, 'l': 1216858634, 'T': 1698233998094, 'm': False, 'M': True}
2023-10-25 17:10:38,546 - INFO - {'e': 'aggTrade', 'E': 1698233998095, 's': 'ETHUSDT', 'a': 947962942, 'p': '1785.62000000', 'q': '0.03990000', 'f': 1216858634, 'l': 1216858634, 'T': 1698233998094, 'm': False, 'M': True}
2023-10-25 17:10:40,578 - INFO - {'e': 'aggTrade', 'E': 1698234030928, 's': 'BTCUSDT', 'a': 2738160259, 'p': '34270.49000000', 'q': '0.23942000', 'f': 3256543172, 'l': 3256543172, 'T': 1698234030928, 'm': True, 'M': True}
2023-10-25 17:10:40,578 - INFO - {'e': 'aggTrade', 'E': 1698234030928, 's': 'BTCUSDT', 'a': 2738160259, 'p': '34270.49000000', 'q': '0.23942000', 'f': 3256543172, 'l': 3256543172, 'T': 1698234030928, 'm': True, 'M': True}
2023-10-25 17:10:42,632 - INFO - {'e': 'aggTrade', 'E': 1698234043245, 's': 'BTCUSDT', 'a': 2738160292, 'p': '34270.49000000', 'q': '0.00292000', 'f': 3256543236, 'l': 3256543236, 'T': 1698234043245, 'm': True, 'M': True}
2023-10-25 17:10:42,632 - INFO - {'e': 'aggTrade', 'E': 1698234043245, 's': 'BTCUSDT', 'a': 2738160292, 'p': '34270.49000000', 'q': '0.00292000', 'f': 3256543236, 'l': 3256543236, 'T': 1698234043245, 'm': True, 'M': True}
2023-10-25 17:10:44,704 - INFO - {'e': 'aggTrade', 'E': 1698234045392, 's': 'BTCUSDT', 'a': 2738160300, 'p': '34270.49000000', 'q': '0.05865000', 'f': 3256543244, 'l': 3256543244, 'T': 1698234045392, 'm': True, 'M': True}
2023-10-25 17:10:44,708 - INFO - {'e': 'aggTrade', 'E': 1698234045392, 's': 'BTCUSDT', 'a': 2738160300, 'p': '34270.49000000', 'q': '0.05865000', 'f': 3256543244, 'l': 3256543244, 'T': 1698234045392, 'm': True, 'M': True}
2023-10-25 17:10:46,761 - INFO - {'e': 'aggTrade', 'E': 1698234047635, 's': 'BTCUSDT', 'a': 2738160306, 'p': '34270.50000000', 'q': '0.01030000', 'f': 3256543250, 'l': 3256543250, 'T': 1698234047634, 'm': False, 'M': True}
2023-10-25 17:10:46,761 - INFO - {'e': 'aggTrade', 'E': 1698234047635, 's': 'BTCUSDT', 'a': 2738160306, 'p': '34270.50000000', 'q': '0.01030000', 'f': 3256543250, 'l': 3256543250, 'T': 1698234047634, 'm': False, 'M': True}
2023-10-25 17:10:48,816 - INFO - {'e': 'aggTrade', 'E': 1698234049649, 's': 'XRPUSDT', 'a': 396879504, 'p': '0.55120000', 'q': '6029.00000000', 'f': 559064044, 'l': 559064046, 'T': 1698234049648, 'm': True, 'M': True}
2023-10-25 17:10:48,819 - INFO - {'e': 'aggTrade', 'E': 1698234049649, 's': 'XRPUSDT', 'a': 396879504, 'p': '0.55120000', 'q': '6029.00000000', 'f': 559064044, 'l': 559064046, 'T': 1698234049648, 'm': True, 'M': True}
2023-10-25 17:10:50,890 - INFO - {'e': 'aggTrade', 'E': 1698234051649, 's': 'DOGEUSDT', 'a': 389247634, 'p': '0.06592000', 'q': '2408.00000000', 'f': 527287634, 'l': 527287634, 'T': 1698234051648, 'm': True, 'M': True}
2023-10-25 17:10:50,890 - INFO - {'e': 'aggTrade', 'E': 1698234051649, 's': 'DOGEUSDT', 'a': 389247634, 'p': '0.06592000', 'q': '2408.00000000', 'f': 527287634, 'l': 527287634, 'T': 1698234051648, 'm': True, 'M': True}
2023-10-25 19:13:20,104 - ERROR - Exception Occured HTTPConnectionPool(host='localhost', port=5000): Max retries exceeded with url: /ltm (Caused by NewConnectionError('<urllib3.connection.HTTPConnection object at 0x00000281D2E3A010>: Failed to establish a new connection: [WinError 10061] No connection could be made because the target machine actively refused it'))
2023-10-25 19:13:20,114 - ERROR - No data available
2023-10-25 19:13:24,214 - ERROR - Exception Occured HTTPConnectionPool(host='localhost', port=5000): Max retries exceeded with url: /ltm (Caused by NewConnectionError('<urllib3.connection.HTTPConnection object at 0x00000281D2E43150>: Failed to establish a new connection: [WinError 10061] No connection could be made because the target machine actively refused it'))
2023-10-25 19:13:24,215 - ERROR - No data available
2023-10-25 19:13:28,332 - ERROR - Exception Occured HTTPConnectionPool(host='localhost', port=5000): Max retries exceeded with url: /ltm (Caused by NewConnectionError('<urllib3.connection.HTTPConnection object at 0x00000281D2E49110>: Failed to establish a new connection: [WinError 10061] No connection could be made because the target machine actively refused it'))
2023-10-25 19:13:28,334 - ERROR - No data available
2023-10-25 19:13:32,444 - ERROR - Exception Occured HTTPConnectionPool(host='localhost', port=5000): Max retries exceeded with url: /ltm (Caused by NewConnectionError('<urllib3.connection.HTTPConnection object at 0x00000281D2E4B090>: Failed to establish a new connection: [WinError 10061] No connection could be made because the target machine actively refused it'))
2023-10-25 19:13:32,445 - ERROR - No data available
2023-10-25 19:13:36,536 - ERROR - Exception Occured HTTPConnectionPool(host='localhost', port=5000): Max retries exceeded with url: /ltm (Caused by NewConnectionError('<urllib3.connection.HTTPConnection object at 0x00000281D2E5D050>: Failed to establish a new connection: [WinError 10061] No connection could be made because the target machine actively refused it'))
2023-10-25 19:13:36,538 - ERROR - No data available
2023-10-25 19:13:40,630 - ERROR - Exception Occured HTTPConnectionPool(host='localhost', port=5000): Max retries exceeded with url: /ltm (Caused by NewConnectionError('<urllib3.connection.HTTPConnection object at 0x00000281D2E4A2D0>: Failed to establish a new connection: [WinError 10061] No connection could be made because the target machine actively refused it'))
2023-10-25 19:13:40,632 - ERROR - No data available
2023-10-25 19:18:36,688 - INFO - {'e': 'aggTrade', 'E': 1698241717357, 's': 'XRPUSDT', 'a': 396889433, 'p': '0.55220000', 'q': '35.00000000', 'f': 559082917, 'l': 559082917, 'T': 1698241717356, 'm': True, 'M': True}
2023-10-25 19:18:36,695 - INFO - {'e': 'aggTrade', 'E': 1698241717357, 's': 'XRPUSDT', 'a': 396889433, 'p': '0.55220000', 'q': '35.00000000', 'f': 559082917, 'l': 559082917, 'T': 1698241717356, 'm': True, 'M': True}
2023-10-25 19:18:38,772 - INFO - {'e': 'aggTrade', 'E': 1698241719424, 's': 'XRPUSDT', 'a': 396889438, 'p': '0.55230000', 'q': '87.00000000', 'f': 559082922, 'l': 559082922, 'T': 1698241719424, 'm': False, 'M': True}
2023-10-25 19:18:38,779 - INFO - {'e': 'aggTrade', 'E': 1698241719424, 's': 'XRPUSDT', 'a': 396889438, 'p': '0.55230000', 'q': '87.00000000', 'f': 559082922, 'l': 559082922, 'T': 1698241719424, 'm': False, 'M': True}
2023-10-25 19:18:40,855 - INFO - {'e': 'aggTrade', 'E': 1698241721571, 's': 'BTCUSDT', 'a': 2738294246, 'p': '34382.10000000', 'q': '0.00059000', 'f': 3256721065, 'l': 3256721065, 'T': 1698241721571, 'm': False, 'M': True}
2023-10-25 19:18:40,859 - INFO - {'e': 'aggTrade', 'E': 1698241721571, 's': 'BTCUSDT', 'a': 2738294246, 'p': '34382.10000000', 'q': '0.00059000', 'f': 3256721065, 'l': 3256721065, 'T': 1698241721571, 'm': False, 'M': True}
2023-10-25 19:18:42,921 - INFO - {'e': 'aggTrade', 'E': 1698241723849, 's': 'ETHUSDT', 'a': 948017838, 'p': '1786.26000000', 'q': '0.02010000', 'f': 1216932792, 'l': 1216932792, 'T': 1698241723849, 'm': False, 'M': True}
2023-10-25 19:18:42,924 - INFO - {'e': 'aggTrade', 'E': 1698241723849, 's': 'ETHUSDT', 'a': 948017838, 'p': '1786.26000000', 'q': '0.02010000', 'f': 1216932792, 'l': 1216932792, 'T': 1698241723849, 'm': False, 'M': True}
2023-10-25 19:18:45,008 - INFO - {'e': 'aggTrade', 'E': 1698241725762, 's': 'APTUSDT', 'a': 42931859, 'p': '6.41520000', 'q': '1.48000000', 'f': 48917019, 'l': 48917019, 'T': 1698241725762, 'm': False, 'M': True}
2023-10-25 19:18:45,011 - INFO - {'e': 'aggTrade', 'E': 1698241725762, 's': 'APTUSDT', 'a': 42931859, 'p': '6.41520000', 'q': '1.48000000', 'f': 48917019, 'l': 48917019, 'T': 1698241725762, 'm': False, 'M': True}
2023-10-25 19:18:47,091 - INFO - {'e': 'aggTrade', 'E': 1698241727919, 's': 'BTCUSDT', 'a': 2738294281, 'p': '34382.10000000', 'q': '0.00153000', 'f': 3256721104, 'l': 3256721104, 'T': 1698241727918, 'm': False, 'M': True}
2023-10-25 19:18:47,095 - INFO - {'e': 'aggTrade', 'E': 1698241727919, 's': 'BTCUSDT', 'a': 2738294281, 'p': '34382.10000000', 'q': '0.00153000', 'f': 3256721104, 'l': 3256721104, 'T': 1698241727918, 'm': False, 'M': True}
2023-10-25 19:18:49,190 - INFO - {'e': 'aggTrade', 'E': 1698241730000, 's': 'XRPUSDT', 'a': 396889447, 'p': '0.55220000', 'q': '11.00000000', 'f': 559082941, 'l': 559082941, 'T': 1698241729999, 'm': True, 'M': True}
2023-10-25 19:18:49,197 - INFO - {'e': 'aggTrade', 'E': 1698241730000, 's': 'XRPUSDT', 'a': 396889447, 'p': '0.55220000', 'q': '11.00000000', 'f': 559082941, 'l': 559082941, 'T': 1698241729999, 'm': True, 'M': True}
2023-10-25 19:18:51,277 - INFO - {'e': 'aggTrade', 'E': 1698241732149, 's': 'ETHUSDT', 'a': 948017858, 'p': '1786.34000000', 'q': '0.06740000', 'f': 1216932819, 'l': 1216932822, 'T': 1698241732148, 'm': False, 'M': True}
2023-10-25 19:18:51,280 - INFO - {'e': 'aggTrade', 'E': 1698241732149, 's': 'ETHUSDT', 'a': 948017858, 'p': '1786.34000000', 'q': '0.06740000', 'f': 1216932819, 'l': 1216932822, 'T': 1698241732148, 'm': False, 'M': True}
2023-10-25 19:18:53,354 - INFO - {'e': 'aggTrade', 'E': 1698241734178, 's': 'BTCUSDT', 'a': 2738294300, 'p': '34382.09000000', 'q': '0.20000000', 'f': 3256721128, 'l': 3256721128, 'T': 1698241734177, 'm': True, 'M': True}
2023-10-25 19:18:53,358 - INFO - {'e': 'aggTrade', 'E': 1698241734178, 's': 'BTCUSDT', 'a': 2738294300, 'p': '34382.09000000', 'q': '0.20000000', 'f': 3256721128, 'l': 3256721128, 'T': 1698241734177, 'm': True, 'M': True}
2023-10-25 19:18:55,444 - INFO - {'e': 'aggTrade', 'E': 1698241736350, 's': 'APTUSDT', 'a': 42931872, 'p': '6.41000000', 'q': '134.65000000', 'f': 48917034, 'l': 48917034, 'T': 1698241736349, 'm': True, 'M': True}
2023-10-25 19:18:55,448 - INFO - {'e': 'aggTrade', 'E': 1698241736350, 's': 'APTUSDT', 'a': 42931872, 'p': '6.41000000', 'q': '134.65000000', 'f': 48917034, 'l': 48917034, 'T': 1698241736349, 'm': True, 'M': True}
2023-10-25 19:19:25,548 - INFO - {'e': 'aggTrade', 'E': 1698241766373, 's': 'BTCUSDT', 'a': 2738294819, 'p': '34349.61000000', 'q': '0.00028000', 'f': 3256721771, 'l': 3256721771, 'T': 1698241766372, 'm': False, 'M': True}
2023-10-25 19:19:25,554 - INFO - {'e': 'aggTrade', 'E': 1698241766373, 's': 'BTCUSDT', 'a': 2738294819, 'p': '34349.61000000', 'q': '0.00028000', 'f': 3256721771, 'l': 3256721771, 'T': 1698241766372, 'm': False, 'M': True}
2023-10-25 19:19:27,627 - INFO - {'e': 'aggTrade', 'E': 1698241768554, 's': 'BTCUSDT', 'a': 2738294837, 'p': '34349.60000000', 'q': '0.50000000', 'f': 3256721789, 'l': 3256721791, 'T': 1698241768554, 'm': True, 'M': True}
2023-10-25 19:19:27,630 - INFO - {'e': 'aggTrade', 'E': 1698241768554, 's': 'BTCUSDT', 'a': 2738294837, 'p': '34349.60000000', 'q': '0.50000000', 'f': 3256721789, 'l': 3256721791, 'T': 1698241768554, 'm': True, 'M': True}
2023-10-25 19:19:29,705 - INFO - {'e': 'aggTrade', 'E': 1698241770544, 's': 'BTCUSDT', 'a': 2738294874, 'p': '34351.59000000', 'q': '0.07624000', 'f': 3256721835, 'l': 3256721835, 'T': 1698241770544, 'm': False, 'M': True}
2023-10-25 19:19:29,706 - INFO - {'e': 'aggTrade', 'E': 1698241770544, 's': 'BTCUSDT', 'a': 2738294874, 'p': '34351.59000000', 'q': '0.07624000', 'f': 3256721835, 'l': 3256721835, 'T': 1698241770544, 'm': False, 'M': True}
2023-10-25 19:19:31,770 - INFO - {'e': 'aggTrade', 'E': 1698241772621, 's': 'BTCUSDT', 'a': 2738294885, 'p': '34351.72000000', 'q': '0.00260000', 'f': 3256721847, 'l': 3256721847, 'T': 1698241772620, 'm': True, 'M': True}
2023-10-25 19:19:31,772 - INFO - {'e': 'aggTrade', 'E': 1698241772621, 's': 'BTCUSDT', 'a': 2738294885, 'p': '34351.72000000', 'q': '0.00260000', 'f': 3256721847, 'l': 3256721847, 'T': 1698241772620, 'm': True, 'M': True}
2023-10-25 19:19:33,856 - INFO - {'e': 'aggTrade', 'E': 1698241774711, 's': 'BTCUSDT', 'a': 2738294960, 'p': '34361.69000000', 'q': '0.00030000', 'f': 3256721931, 'l': 3256721931, 'T': 1698241774709, 'm': False, 'M': True}
2023-10-25 19:19:33,858 - INFO - {'e': 'aggTrade', 'E': 1698241774711, 's': 'BTCUSDT', 'a': 2738294960, 'p': '34361.69000000', 'q': '0.00030000', 'f': 3256721931, 'l': 3256721931, 'T': 1698241774709, 'm': False, 'M': True}
2023-10-25 19:19:35,927 - INFO - {'e': 'aggTrade', 'E': 1698241776635, 's': 'BTCUSDT', 'a': 2738294980, 'p': '34364.02000000', 'q': '0.00030000', 'f': 3256721964, 'l': 3256721964, 'T': 1698241776634, 'm': True, 'M': True}
2023-10-25 19:19:35,930 - INFO - {'e': 'aggTrade', 'E': 1698241776635, 's': 'BTCUSDT', 'a': 2738294980, 'p': '34364.02000000', 'q': '0.00030000', 'f': 3256721964, 'l': 3256721964, 'T': 1698241776634, 'm': True, 'M': True}
2023-10-25 19:19:38,060 - INFO - {'e': 'aggTrade', 'E': 1698241778654, 's': 'BTCUSDT', 'a': 2738295045, 'p': '34355.01000000', 'q': '0.00065000', 'f': 3256722041, 'l': 3256722041, 'T': 1698241778653, 'm': True, 'M': True}
2023-10-25 19:19:38,067 - INFO - {'e': 'aggTrade', 'E': 1698241778654, 's': 'BTCUSDT', 'a': 2738295045, 'p': '34355.01000000', 'q': '0.00065000', 'f': 3256722041, 'l': 3256722041, 'T': 1698241778653, 'm': True, 'M': True}
2023-10-25 19:19:40,148 - INFO - {'e': 'aggTrade', 'E': 1698241780565, 's': 'BTCUSDT', 'a': 2738295079, 'p': '34350.60000000', 'q': '0.00411000', 'f': 3256722085, 'l': 3256722085, 'T': 1698241780565, 'm': True, 'M': True}
2023-10-25 19:19:40,150 - INFO - {'e': 'aggTrade', 'E': 1698241780565, 's': 'BTCUSDT', 'a': 2738295079, 'p': '34350.60000000', 'q': '0.00411000', 'f': 3256722085, 'l': 3256722085, 'T': 1698241780565, 'm': True, 'M': True}
2023-10-25 19:19:42,246 - INFO - {'e': 'aggTrade', 'E': 1698241782461, 's': 'BTCUSDT', 'a': 2738295087, 'p': '34350.60000000', 'q': '0.00075000', 'f': 3256722095, 'l': 3256722095, 'T': 1698241782460, 'm': True, 'M': True}
2023-10-25 19:19:42,250 - INFO - {'e': 'aggTrade', 'E': 1698241782461, 's': 'BTCUSDT', 'a': 2738295087, 'p': '34350.60000000', 'q': '0.00075000', 'f': 3256722095, 'l': 3256722095, 'T': 1698241782460, 'm': True, 'M': True}
2023-10-25 19:19:44,330 - INFO - {'e': 'aggTrade', 'E': 1698241785226, 's': 'BTCUSDT', 'a': 2738295099, 'p': '34350.60000000', 'q': '0.00275000', 'f': 3256722116, 'l': 3256722116, 'T': 1698241785225, 'm': True, 'M': True}
2023-10-25 19:19:44,334 - INFO - {'e': 'aggTrade', 'E': 1698241785226, 's': 'BTCUSDT', 'a': 2738295099, 'p': '34350.60000000', 'q': '0.00275000', 'f': 3256722116, 'l': 3256722116, 'T': 1698241785225, 'm': True, 'M': True}
2023-10-25 19:19:46,454 - INFO - {'e': 'aggTrade', 'E': 1698241787087, 's': 'BTCUSDT', 'a': 2738295117, 'p': '34350.60000000', 'q': '0.00275000', 'f': 3256722138, 'l': 3256722138, 'T': 1698241787086, 'm': True, 'M': True}
2023-10-25 19:19:46,459 - INFO - {'e': 'aggTrade', 'E': 1698241787087, 's': 'BTCUSDT', 'a': 2738295117, 'p': '34350.60000000', 'q': '0.00275000', 'f': 3256722138, 'l': 3256722138, 'T': 1698241787086, 'm': True, 'M': True}
2023-10-25 19:19:48,547 - INFO - {'e': 'aggTrade', 'E': 1698241789469, 's': 'BTCUSDT', 'a': 2738295125, 'p': '34350.60000000', 'q': '0.01000000', 'f': 3256722152, 'l': 3256722152, 'T': 1698241789468, 'm': True, 'M': True}
2023-10-25 19:19:48,551 - INFO - {'e': 'aggTrade', 'E': 1698241789469, 's': 'BTCUSDT', 'a': 2738295125, 'p': '34350.60000000', 'q': '0.01000000', 'f': 3256722152, 'l': 3256722152, 'T': 1698241789468, 'm': True, 'M': True}
2023-10-25 19:19:50,639 - INFO - {'e': 'aggTrade', 'E': 1698241791522, 's': 'BTCUSDT', 'a': 2738295148, 'p': '34354.19000000', 'q': '0.00065000', 'f': 3256722183, 'l': 3256722183, 'T': 1698241791521, 'm': False, 'M': True}
2023-10-25 19:19:50,642 - INFO - {'e': 'aggTrade', 'E': 1698241791522, 's': 'BTCUSDT', 'a': 2738295148, 'p': '34354.19000000', 'q': '0.00065000', 'f': 3256722183, 'l': 3256722183, 'T': 1698241791521, 'm': False, 'M': True}
2023-10-25 19:19:52,737 - INFO - {'e': 'aggTrade', 'E': 1698241793551, 's': 'BTCUSDT', 'a': 2738295170, 'p': '34356.91000000', 'q': '1.29845000', 'f': 3256722206, 'l': 3256722212, 'T': 1698241793550, 'm': True, 'M': True}
2023-10-25 19:19:52,739 - INFO - {'e': 'aggTrade', 'E': 1698241793551, 's': 'BTCUSDT', 'a': 2738295170, 'p': '34356.91000000', 'q': '1.29845000', 'f': 3256722206, 'l': 3256722212, 'T': 1698241793550, 'm': True, 'M': True}
2023-10-25 19:19:54,821 - INFO - {'e': 'aggTrade', 'E': 1698241795456, 's': 'BTCUSDT', 'a': 2738295185, 'p': '34356.92000000', 'q': '0.00906000', 'f': 3256722234, 'l': 3256722234, 'T': 1698241795455, 'm': True, 'M': True}
2023-10-25 19:19:54,824 - INFO - {'e': 'aggTrade', 'E': 1698241795456, 's': 'BTCUSDT', 'a': 2738295185, 'p': '34356.92000000', 'q': '0.00906000', 'f': 3256722234, 'l': 3256722234, 'T': 1698241795455, 'm': True, 'M': True}
2023-10-25 20:43:26,228 - INFO - {'e': 'aggTrade', 'E': 1698246807117, 's': 'BTCUSDT', 'a': 2738410375, 'p': '34656.30000000', 'q': '0.00055000', 'f': 3256874551, 'l': 3256874551, 'T': 1698246807116, 'm': True, 'M': True}
2023-10-25 20:43:26,234 - INFO - {'e': 'aggTrade', 'E': 1698246807117, 's': 'BTCUSDT', 'a': 2738410375, 'p': '34656.30000000', 'q': '0.00055000', 'f': 3256874551, 'l': 3256874551, 'T': 1698246807116, 'm': True, 'M': True}
2023-10-25 20:43:28,325 - INFO - {'e': 'aggTrade', 'E': 1698246808987, 's': 'BTCUSDT', 'a': 2738410390, 'p': '34654.22000000', 'q': '0.00577000', 'f': 3256874568, 'l': 3256874568, 'T': 1698246808986, 'm': False, 'M': True}
2023-10-25 20:43:28,327 - INFO - {'e': 'aggTrade', 'E': 1698246808987, 's': 'BTCUSDT', 'a': 2738410390, 'p': '34654.22000000', 'q': '0.00577000', 'f': 3256874568, 'l': 3256874568, 'T': 1698246808986, 'm': False, 'M': True}
2023-10-25 20:43:30,405 - INFO - {'e': 'aggTrade', 'E': 1698246811382, 's': 'BTCUSDT', 'a': 2738410418, 'p': '34651.45000000', 'q': '2.88533000', 'f': 3256874602, 'l': 3256874617, 'T': 1698246811380, 'm': False, 'M': True}
2023-10-25 20:43:30,408 - INFO - {'e': 'aggTrade', 'E': 1698246811382, 's': 'BTCUSDT', 'a': 2738410418, 'p': '34651.45000000', 'q': '2.88533000', 'f': 3256874602, 'l': 3256874617, 'T': 1698246811380, 'm': False, 'M': True}
2023-10-25 20:43:32,484 - INFO - {'e': 'aggTrade', 'E': 1698246813385, 's': 'BTCUSDT', 'a': 2738410429, 'p': '34651.45000000', 'q': '0.00561000', 'f': 3256874630, 'l': 3256874630, 'T': 1698246813384, 'm': False, 'M': True}
2023-10-25 20:43:32,488 - INFO - {'e': 'aggTrade', 'E': 1698246813385, 's': 'BTCUSDT', 'a': 2738410429, 'p': '34651.45000000', 'q': '0.00561000', 'f': 3256874630, 'l': 3256874630, 'T': 1698246813384, 'm': False, 'M': True}
2023-10-25 20:43:34,567 - INFO - {'e': 'aggTrade', 'E': 1698246815541, 's': 'BTCUSDT', 'a': 2738410462, 'p': '34656.05000000', 'q': '0.00130000', 'f': 3256874689, 'l': 3256874689, 'T': 1698246815540, 'm': False, 'M': True}
2023-10-25 20:43:34,570 - INFO - {'e': 'aggTrade', 'E': 1698246815541, 's': 'BTCUSDT', 'a': 2738410462, 'p': '34656.05000000', 'q': '0.00130000', 'f': 3256874689, 'l': 3256874689, 'T': 1698246815540, 'm': False, 'M': True}
2023-10-25 20:43:36,638 - INFO - {'e': 'aggTrade', 'E': 1698246817591, 's': 'BTCUSDT', 'a': 2738410474, 'p': '34656.32000000', 'q': '0.00158000', 'f': 3256874702, 'l': 3256874702, 'T': 1698246817590, 'm': False, 'M': True}
2023-10-25 20:43:36,645 - INFO - {'e': 'aggTrade', 'E': 1698246817591, 's': 'BTCUSDT', 'a': 2738410474, 'p': '34656.32000000', 'q': '0.00158000', 'f': 3256874702, 'l': 3256874702, 'T': 1698246817590, 'm': False, 'M': True}
2023-10-25 20:43:38,723 - INFO - {'e': 'aggTrade', 'E': 1698246819391, 's': 'BTCUSDT', 'a': 2738410527, 'p': '34657.17000000', 'q': '0.00058000', 'f': 3256874780, 'l': 3256874780, 'T': 1698246819390, 'm': False, 'M': True}
2023-10-25 20:43:38,726 - INFO - {'e': 'aggTrade', 'E': 1698246819391, 's': 'BTCUSDT', 'a': 2738410527, 'p': '34657.17000000', 'q': '0.00058000', 'f': 3256874780, 'l': 3256874780, 'T': 1698246819390, 'm': False, 'M': True}
2023-10-25 20:43:40,789 - INFO - {'e': 'aggTrade', 'E': 1698246821771, 's': 'BTCUSDT', 'a': 2738410537, 'p': '34655.55000000', 'q': '0.00029000', 'f': 3256874799, 'l': 3256874799, 'T': 1698246821770, 'm': False, 'M': True}
2023-10-25 20:43:40,793 - INFO - {'e': 'aggTrade', 'E': 1698246821771, 's': 'BTCUSDT', 'a': 2738410537, 'p': '34655.55000000', 'q': '0.00029000', 'f': 3256874799, 'l': 3256874799, 'T': 1698246821770, 'm': False, 'M': True}
2023-10-25 20:43:42,863 - INFO - {'e': 'aggTrade', 'E': 1698246823714, 's': 'BTCUSDT', 'a': 2738410582, 'p': '34650.80000000', 'q': '0.00109000', 'f': 3256874858, 'l': 3256874858, 'T': 1698246823713, 'm': False, 'M': True}
2023-10-25 20:43:42,867 - INFO - {'e': 'aggTrade', 'E': 1698246823714, 's': 'BTCUSDT', 'a': 2738410582, 'p': '34650.80000000', 'q': '0.00109000', 'f': 3256874858, 'l': 3256874858, 'T': 1698246823713, 'm': False, 'M': True}
2023-10-25 20:43:44,943 - INFO - {'e': 'aggTrade', 'E': 1698246825928, 's': 'BTCUSDT', 'a': 2738410661, 'p': '34640.78000000', 'q': '0.00091000', 'f': 3256874951, 'l': 3256874952, 'T': 1698246825927, 'm': True, 'M': True}
2023-10-25 20:43:44,946 - INFO - {'e': 'aggTrade', 'E': 1698246825928, 's': 'BTCUSDT', 'a': 2738410661, 'p': '34640.78000000', 'q': '0.00091000', 'f': 3256874951, 'l': 3256874952, 'T': 1698246825927, 'm': True, 'M': True}
2023-10-25 20:43:47,001 - INFO - {'e': 'aggTrade', 'E': 1698246827929, 's': 'BTCUSDT', 'a': 2738410703, 'p': '34646.04000000', 'q': '0.04240000', 'f': 3256875010, 'l': 3256875010, 'T': 1698246827928, 'm': False, 'M': True}
2023-10-25 20:43:47,004 - INFO - {'e': 'aggTrade', 'E': 1698246827929, 's': 'BTCUSDT', 'a': 2738410703, 'p': '34646.04000000', 'q': '0.04240000', 'f': 3256875010, 'l': 3256875010, 'T': 1698246827928, 'm': False, 'M': True}
2023-10-25 20:43:49,097 - INFO - {'e': 'aggTrade', 'E': 1698246830028, 's': 'BTCUSDT', 'a': 2738410725, 'p': '34648.97000000', 'q': '0.00023000', 'f': 3256875036, 'l': 3256875036, 'T': 1698246830028, 'm': True, 'M': True}
2023-10-25 20:43:49,102 - INFO - {'e': 'aggTrade', 'E': 1698246830028, 's': 'BTCUSDT', 'a': 2738410725, 'p': '34648.97000000', 'q': '0.00023000', 'f': 3256875036, 'l': 3256875036, 'T': 1698246830028, 'm': True, 'M': True}
2023-10-25 20:43:51,173 - INFO - {'e': 'aggTrade', 'E': 1698246831799, 's': 'BTCUSDT', 'a': 2738410748, 'p': '34646.11000000', 'q': '0.00065000', 'f': 3256875074, 'l': 3256875074, 'T': 1698246831798, 'm': True, 'M': True}
2023-10-25 20:43:51,176 - INFO - {'e': 'aggTrade', 'E': 1698246831799, 's': 'BTCUSDT', 'a': 2738410748, 'p': '34646.11000000', 'q': '0.00065000', 'f': 3256875074, 'l': 3256875074, 'T': 1698246831798, 'm': True, 'M': True}
2023-10-25 20:43:53,263 - INFO - {'e': 'aggTrade', 'E': 1698246833889, 's': 'BTCUSDT', 'a': 2738410767, 'p': '34646.10000000', 'q': '0.00060000', 'f': 3256875095, 'l': 3256875095, 'T': 1698246833888, 'm': True, 'M': True}
2023-10-25 20:43:53,266 - INFO - {'e': 'aggTrade', 'E': 1698246833889, 's': 'BTCUSDT', 'a': 2738410767, 'p': '34646.10000000', 'q': '0.00060000', 'f': 3256875095, 'l': 3256875095, 'T': 1698246833888, 'm': True, 'M': True}
2023-10-25 20:43:55,330 - INFO - {'e': 'aggTrade', 'E': 1698246836199, 's': 'BTCUSDT', 'a': 2738410800, 'p': '34648.97000000', 'q': '0.00048000', 'f': 3256875154, 'l': 3256875154, 'T': 1698246836198, 'm': True, 'M': True}
2023-10-25 20:43:55,333 - INFO - {'e': 'aggTrade', 'E': 1698246836199, 's': 'BTCUSDT', 'a': 2738410800, 'p': '34648.97000000', 'q': '0.00048000', 'f': 3256875154, 'l': 3256875154, 'T': 1698246836198, 'm': True, 'M': True}
2023-10-25 20:43:57,416 - INFO - {'e': 'aggTrade', 'E': 1698246838125, 's': 'BTCUSDT', 'a': 2738410841, 'p': '34642.52000000', 'q': '0.70152000', 'f': 3256875202, 'l': 3256875204, 'T': 1698246838124, 'm': False, 'M': True}
2023-10-25 20:43:57,419 - INFO - {'e': 'aggTrade', 'E': 1698246838125, 's': 'BTCUSDT', 'a': 2738410841, 'p': '34642.52000000', 'q': '0.70152000', 'f': 3256875202, 'l': 3256875204, 'T': 1698246838124, 'm': False, 'M': True}
2023-10-25 20:43:59,495 - INFO - {'e': 'aggTrade', 'E': 1698246840417, 's': 'BTCUSDT', 'a': 2738410915, 'p': '34642.51000000', 'q': '0.00100000', 'f': 3256875282, 'l': 3256875282, 'T': 1698246840416, 'm': True, 'M': True}
2023-10-25 20:43:59,498 - INFO - {'e': 'aggTrade', 'E': 1698246840417, 's': 'BTCUSDT', 'a': 2738410915, 'p': '34642.51000000', 'q': '0.00100000', 'f': 3256875282, 'l': 3256875282, 'T': 1698246840416, 'm': True, 'M': True}
2023-10-25 20:44:01,617 - INFO - {'e': 'aggTrade', 'E': 1698246842393, 's': 'BTCUSDT', 'a': 2738410934, 'p': '34644.06000000', 'q': '0.00836000', 'f': 3256875314, 'l': 3256875314, 'T': 1698246842393, 'm': False, 'M': True}
2023-10-25 20:44:01,620 - INFO - {'e': 'aggTrade', 'E': 1698246842393, 's': 'BTCUSDT', 'a': 2738410934, 'p': '34644.06000000', 'q': '0.00836000', 'f': 3256875314, 'l': 3256875314, 'T': 1698246842393, 'm': False, 'M': True}
2023-10-25 20:44:03,702 - INFO - {'e': 'aggTrade', 'E': 1698246843221, 's': 'BTCUSDT', 'a': 2738411113, 'p': '34662.80000000', 'q': '0.00130000', 'f': 3256875527, 'l': 3256875527, 'T': 1698246843220, 'm': False, 'M': True}
2023-10-25 20:44:03,708 - INFO - {'e': 'aggTrade', 'E': 1698246843221, 's': 'BTCUSDT', 'a': 2738411113, 'p': '34662.80000000', 'q': '0.00130000', 'f': 3256875527, 'l': 3256875527, 'T': 1698246843220, 'm': False, 'M': True}
2023-10-25 20:44:05,945 - INFO - {'e': 'aggTrade', 'E': 1698246845210, 's': 'BTCUSDT', 'a': 2738411162, 'p': '34669.88000000', 'q': '0.00172000', 'f': 3256875584, 'l': 3256875584, 'T': 1698246845210, 'm': False, 'M': True}
2023-10-25 20:44:05,949 - INFO - {'e': 'aggTrade', 'E': 1698246845210, 's': 'BTCUSDT', 'a': 2738411162, 'p': '34669.88000000', 'q': '0.00172000', 'f': 3256875584, 'l': 3256875584, 'T': 1698246845210, 'm': False, 'M': True}
2023-10-25 20:44:08,331 - INFO - {'e': 'aggTrade', 'E': 1698246849273, 's': 'BTCUSDT', 'a': 2738411234, 'p': '34671.97000000', 'q': '0.00062000', 'f': 3256875683, 'l': 3256875683, 'T': 1698246849272, 'm': False, 'M': True}
2023-10-25 20:44:08,333 - INFO - {'e': 'aggTrade', 'E': 1698246849273, 's': 'BTCUSDT', 'a': 2738411234, 'p': '34671.97000000', 'q': '0.00062000', 'f': 3256875683, 'l': 3256875683, 'T': 1698246849272, 'm': False, 'M': True}
2023-10-25 20:44:10,398 - INFO - {'e': 'aggTrade', 'E': 1698246851293, 's': 'BTCUSDT', 'a': 2738411244, 'p': '34672.31000000', 'q': '0.00264000', 'f': 3256875710, 'l': 3256875710, 'T': 1698246851292, 'm': True, 'M': True}
2023-10-25 20:44:10,402 - INFO - {'e': 'aggTrade', 'E': 1698246851293, 's': 'BTCUSDT', 'a': 2738411244, 'p': '34672.31000000', 'q': '0.00264000', 'f': 3256875710, 'l': 3256875710, 'T': 1698246851292, 'm': True, 'M': True}
2023-10-25 20:44:12,477 - INFO - {'e': 'aggTrade', 'E': 1698246853384, 's': 'BTCUSDT', 'a': 2738411296, 'p': '34679.99000000', 'q': '0.00509000', 'f': 3256875769, 'l': 3256875769, 'T': 1698246853381, 'm': True, 'M': True}
2023-10-25 20:44:12,480 - INFO - {'e': 'aggTrade', 'E': 1698246853384, 's': 'BTCUSDT', 'a': 2738411296, 'p': '34679.99000000', 'q': '0.00509000', 'f': 3256875769, 'l': 3256875769, 'T': 1698246853381, 'm': True, 'M': True}
2023-10-25 20:44:14,585 - INFO - {'e': 'aggTrade', 'E': 1698246855526, 's': 'BTCUSDT', 'a': 2738411345, 'p': '34672.32000000', 'q': '0.00067000', 'f': 3256875838, 'l': 3256875838, 'T': 1698246855525, 'm': True, 'M': True}
2023-10-25 20:44:14,589 - INFO - {'e': 'aggTrade', 'E': 1698246855526, 's': 'BTCUSDT', 'a': 2738411345, 'p': '34672.32000000', 'q': '0.00067000', 'f': 3256875838, 'l': 3256875838, 'T': 1698246855525, 'm': True, 'M': True}
2023-10-25 20:44:16,671 - INFO - {'e': 'aggTrade', 'E': 1698246857564, 's': 'BTCUSDT', 'a': 2738411358, 'p': '34671.98000000', 'q': '0.00100000', 'f': 3256875853, 'l': 3256875854, 'T': 1698246857564, 'm': False, 'M': True}
2023-10-25 20:44:16,676 - INFO - {'e': 'aggTrade', 'E': 1698246857564, 's': 'BTCUSDT', 'a': 2738411358, 'p': '34671.98000000', 'q': '0.00100000', 'f': 3256875853, 'l': 3256875854, 'T': 1698246857564, 'm': False, 'M': True}
2023-10-25 20:44:18,752 - INFO - {'e': 'aggTrade', 'E': 1698246859717, 's': 'BTCUSDT', 'a': 2738411394, 'p': '34668.29000000', 'q': '0.01981000', 'f': 3256875906, 'l': 3256875906, 'T': 1698246859717, 'm': False, 'M': True}
2023-10-25 20:44:18,755 - INFO - {'e': 'aggTrade', 'E': 1698246859717, 's': 'BTCUSDT', 'a': 2738411394, 'p': '34668.29000000', 'q': '0.01981000', 'f': 3256875906, 'l': 3256875906, 'T': 1698246859717, 'm': False, 'M': True}
2023-10-25 20:44:20,836 - INFO - {'e': 'aggTrade', 'E': 1698246861168, 's': 'BTCUSDT', 'a': 2738411502, 'p': '34670.69000000', 'q': '0.20000000', 'f': 3256876046, 'l': 3256876046, 'T': 1698246861166, 'm': True, 'M': True}
2023-10-25 20:44:20,838 - INFO - {'e': 'aggTrade', 'E': 1698246861168, 's': 'BTCUSDT', 'a': 2738411502, 'p': '34670.69000000', 'q': '0.20000000', 'f': 3256876046, 'l': 3256876046, 'T': 1698246861166, 'm': True, 'M': True}
2023-10-25 20:44:22,917 - INFO - {'e': 'aggTrade', 'E': 1698246863642, 's': 'BTCUSDT', 'a': 2738411561, 'p': '34665.79000000', 'q': '0.00142000', 'f': 3256876117, 'l': 3256876117, 'T': 1698246863641, 'm': True, 'M': True}
2023-10-25 20:44:22,920 - INFO - {'e': 'aggTrade', 'E': 1698246863642, 's': 'BTCUSDT', 'a': 2738411561, 'p': '34665.79000000', 'q': '0.00142000', 'f': 3256876117, 'l': 3256876117, 'T': 1698246863641, 'm': True, 'M': True}
2023-10-25 20:44:24,989 - INFO - {'e': 'aggTrade', 'E': 1698246865798, 's': 'BTCUSDT', 'a': 2738411573, 'p': '34665.79000000', 'q': '0.00085000', 'f': 3256876129, 'l': 3256876129, 'T': 1698246865798, 'm': True, 'M': True}
2023-10-25 20:44:24,992 - INFO - {'e': 'aggTrade', 'E': 1698246865798, 's': 'BTCUSDT', 'a': 2738411573, 'p': '34665.79000000', 'q': '0.00085000', 'f': 3256876129, 'l': 3256876129, 'T': 1698246865798, 'm': True, 'M': True}
2023-10-25 20:44:27,073 - INFO - {'e': 'aggTrade', 'E': 1698246867976, 's': 'BTCUSDT', 'a': 2738411627, 'p': '34674.98000000', 'q': '0.00219000', 'f': 3256876202, 'l': 3256876202, 'T': 1698246867975, 'm': True, 'M': True}
2023-10-25 20:44:27,077 - INFO - {'e': 'aggTrade', 'E': 1698246867976, 's': 'BTCUSDT', 'a': 2738411627, 'p': '34674.98000000', 'q': '0.00219000', 'f': 3256876202, 'l': 3256876202, 'T': 1698246867975, 'm': True, 'M': True}
2023-10-25 20:44:29,225 - INFO - {'e': 'aggTrade', 'E': 1698246869722, 's': 'BTCUSDT', 'a': 2738411706, 'p': '34689.10000000', 'q': '0.00100000', 'f': 3256876291, 'l': 3256876291, 'T': 1698246869721, 'm': False, 'M': True}
2023-10-25 20:44:29,230 - INFO - {'e': 'aggTrade', 'E': 1698246869722, 's': 'BTCUSDT', 'a': 2738411706, 'p': '34689.10000000', 'q': '0.00100000', 'f': 3256876291, 'l': 3256876291, 'T': 1698246869721, 'm': False, 'M': True}
2023-10-25 20:44:31,351 - INFO - {'e': 'aggTrade', 'E': 1698246872008, 's': 'BTCUSDT', 'a': 2738411732, 'p': '34688.85000000', 'q': '0.00100000', 'f': 3256876319, 'l': 3256876321, 'T': 1698246872008, 'm': False, 'M': True}
2023-10-25 20:44:31,354 - INFO - {'e': 'aggTrade', 'E': 1698246872008, 's': 'BTCUSDT', 'a': 2738411732, 'p': '34688.85000000', 'q': '0.00100000', 'f': 3256876319, 'l': 3256876321, 'T': 1698246872008, 'm': False, 'M': True}
2023-10-25 20:44:33,427 - INFO - {'e': 'aggTrade', 'E': 1698246874397, 's': 'BTCUSDT', 'a': 2738411774, 'p': '34693.54000000', 'q': '0.00225000', 'f': 3256876368, 'l': 3256876368, 'T': 1698246874396, 'm': True, 'M': True}
2023-10-25 20:44:33,432 - INFO - {'e': 'aggTrade', 'E': 1698246874397, 's': 'BTCUSDT', 'a': 2738411774, 'p': '34693.54000000', 'q': '0.00225000', 'f': 3256876368, 'l': 3256876368, 'T': 1698246874396, 'm': True, 'M': True}
2023-10-25 20:44:35,507 - INFO - {'e': 'aggTrade', 'E': 1698246876290, 's': 'BTCUSDT', 'a': 2738411835, 'p': '34690.15000000', 'q': '0.00051000', 'f': 3256876449, 'l': 3256876449, 'T': 1698246876289, 'm': False, 'M': True}
2023-10-25 20:44:35,510 - INFO - {'e': 'aggTrade', 'E': 1698246876290, 's': 'BTCUSDT', 'a': 2738411835, 'p': '34690.15000000', 'q': '0.00051000', 'f': 3256876449, 'l': 3256876449, 'T': 1698246876289, 'm': False, 'M': True}
2023-10-25 20:44:37,576 - INFO - {'e': 'aggTrade', 'E': 1698246878458, 's': 'BTCUSDT', 'a': 2738411870, 'p': '34687.56000000', 'q': '0.00100000', 'f': 3256876488, 'l': 3256876488, 'T': 1698246878458, 'm': False, 'M': True}
2023-10-25 20:44:37,580 - INFO - {'e': 'aggTrade', 'E': 1698246878458, 's': 'BTCUSDT', 'a': 2738411870, 'p': '34687.56000000', 'q': '0.00100000', 'f': 3256876488, 'l': 3256876488, 'T': 1698246878458, 'm': False, 'M': True}
2023-10-25 20:44:39,649 - INFO - {'e': 'aggTrade', 'E': 1698246880273, 's': 'BTCUSDT', 'a': 2738411878, 'p': '34687.56000000', 'q': '0.00100000', 'f': 3256876496, 'l': 3256876496, 'T': 1698246880272, 'm': False, 'M': True}
2023-10-25 20:44:39,652 - INFO - {'e': 'aggTrade', 'E': 1698246880273, 's': 'BTCUSDT', 'a': 2738411878, 'p': '34687.56000000', 'q': '0.00100000', 'f': 3256876496, 'l': 3256876496, 'T': 1698246880272, 'm': False, 'M': True}
2023-10-25 20:44:41,805 - INFO - {'e': 'aggTrade', 'E': 1698246882699, 's': 'BTCUSDT', 'a': 2738411922, 'p': '34682.48000000', 'q': '0.00033000', 'f': 3256876560, 'l': 3256876560, 'T': 1698246882699, 'm': True, 'M': True}
2023-10-25 20:44:41,808 - INFO - {'e': 'aggTrade', 'E': 1698246882699, 's': 'BTCUSDT', 'a': 2738411922, 'p': '34682.48000000', 'q': '0.00033000', 'f': 3256876560, 'l': 3256876560, 'T': 1698246882699, 'm': True, 'M': True}
2023-10-25 20:44:43,930 - INFO - {'e': 'aggTrade', 'E': 1698246884528, 's': 'BTCUSDT', 'a': 2738411931, 'p': '34682.49000000', 'q': '0.00031000', 'f': 3256876570, 'l': 3256876570, 'T': 1698246884527, 'm': False, 'M': True}
2023-10-25 20:44:43,933 - INFO - {'e': 'aggTrade', 'E': 1698246884528, 's': 'BTCUSDT', 'a': 2738411931, 'p': '34682.49000000', 'q': '0.00031000', 'f': 3256876570, 'l': 3256876570, 'T': 1698246884527, 'm': False, 'M': True}
2023-10-25 20:44:46,009 - INFO - {'e': 'aggTrade', 'E': 1698246885769, 's': 'BTCUSDT', 'a': 2738411938, 'p': '34682.48000000', 'q': '0.00034000', 'f': 3256876585, 'l': 3256876585, 'T': 1698246885769, 'm': True, 'M': True}
2023-10-25 20:44:46,012 - INFO - {'e': 'aggTrade', 'E': 1698246885769, 's': 'BTCUSDT', 'a': 2738411938, 'p': '34682.48000000', 'q': '0.00034000', 'f': 3256876585, 'l': 3256876585, 'T': 1698246885769, 'm': True, 'M': True}
2023-10-25 20:44:48,107 - INFO - {'e': 'aggTrade', 'E': 1698246889017, 's': 'BTCUSDT', 'a': 2738411980, 'p': '34689.04000000', 'q': '0.01486000', 'f': 3256876633, 'l': 3256876633, 'T': 1698246889016, 'm': True, 'M': True}
2023-10-25 20:44:48,110 - INFO - {'e': 'aggTrade', 'E': 1698246889017, 's': 'BTCUSDT', 'a': 2738411980, 'p': '34689.04000000', 'q': '0.01486000', 'f': 3256876633, 'l': 3256876633, 'T': 1698246889016, 'm': True, 'M': True}
2023-10-25 20:44:50,194 - INFO - {'e': 'aggTrade', 'E': 1698246891015, 's': 'BTCUSDT', 'a': 2738412010, 'p': '34692.05000000', 'q': '0.00324000', 'f': 3256876666, 'l': 3256876666, 'T': 1698246891014, 'm': False, 'M': True}
2023-10-25 20:44:50,196 - INFO - {'e': 'aggTrade', 'E': 1698246891015, 's': 'BTCUSDT', 'a': 2738412010, 'p': '34692.05000000', 'q': '0.00324000', 'f': 3256876666, 'l': 3256876666, 'T': 1698246891014, 'm': False, 'M': True}
2023-10-25 20:44:52,256 - INFO - {'e': 'aggTrade', 'E': 1698246891342, 's': 'BTCUSDT', 'a': 2738412011, 'p': '34692.05000000', 'q': '0.02790000', 'f': 3256876667, 'l': 3256876668, 'T': 1698246891341, 'm': False, 'M': True}
2023-10-25 20:44:52,259 - INFO - {'e': 'aggTrade', 'E': 1698246891342, 's': 'BTCUSDT', 'a': 2738412011, 'p': '34692.05000000', 'q': '0.02790000', 'f': 3256876667, 'l': 3256876668, 'T': 1698246891341, 'm': False, 'M': True}
2023-10-25 20:44:54,327 - INFO - {'e': 'aggTrade', 'E': 1698246891342, 's': 'BTCUSDT', 'a': 2738412011, 'p': '34692.05000000', 'q': '0.02790000', 'f': 3256876667, 'l': 3256876668, 'T': 1698246891341, 'm': False, 'M': True}
2023-10-25 20:44:54,330 - INFO - {'e': 'aggTrade', 'E': 1698246891342, 's': 'BTCUSDT', 'a': 2738412011, 'p': '34692.05000000', 'q': '0.02790000', 'f': 3256876667, 'l': 3256876668, 'T': 1698246891341, 'm': False, 'M': True}
2023-10-25 20:44:56,396 - INFO - {'e': 'aggTrade', 'E': 1698246891342, 's': 'BTCUSDT', 'a': 2738412011, 'p': '34692.05000000', 'q': '0.02790000', 'f': 3256876667, 'l': 3256876668, 'T': 1698246891341, 'm': False, 'M': True}
2023-10-25 20:44:56,399 - INFO - {'e': 'aggTrade', 'E': 1698246891342, 's': 'BTCUSDT', 'a': 2738412011, 'p': '34692.05000000', 'q': '0.02790000', 'f': 3256876667, 'l': 3256876668, 'T': 1698246891341, 'm': False, 'M': True}
2023-10-25 20:44:58,451 - INFO - {'e': 'aggTrade', 'E': 1698246891342, 's': 'BTCUSDT', 'a': 2738412011, 'p': '34692.05000000', 'q': '0.02790000', 'f': 3256876667, 'l': 3256876668, 'T': 1698246891341, 'm': False, 'M': True}
2023-10-25 20:44:58,454 - INFO - {'e': 'aggTrade', 'E': 1698246891342, 's': 'BTCUSDT', 'a': 2738412011, 'p': '34692.05000000', 'q': '0.02790000', 'f': 3256876667, 'l': 3256876668, 'T': 1698246891341, 'm': False, 'M': True}
2023-10-25 20:45:00,535 - INFO - {'e': 'aggTrade', 'E': 1698246891342, 's': 'BTCUSDT', 'a': 2738412011, 'p': '34692.05000000', 'q': '0.02790000', 'f': 3256876667, 'l': 3256876668, 'T': 1698246891341, 'm': False, 'M': True}
2023-10-25 20:45:00,538 - INFO - {'e': 'aggTrade', 'E': 1698246891342, 's': 'BTCUSDT', 'a': 2738412011, 'p': '34692.05000000', 'q': '0.02790000', 'f': 3256876667, 'l': 3256876668, 'T': 1698246891341, 'm': False, 'M': True}
2023-10-25 20:45:02,610 - INFO - {'e': 'aggTrade', 'E': 1698246891342, 's': 'BTCUSDT', 'a': 2738412011, 'p': '34692.05000000', 'q': '0.02790000', 'f': 3256876667, 'l': 3256876668, 'T': 1698246891341, 'm': False, 'M': True}
2023-10-25 20:45:02,612 - INFO - {'e': 'aggTrade', 'E': 1698246891342, 's': 'BTCUSDT', 'a': 2738412011, 'p': '34692.05000000', 'q': '0.02790000', 'f': 3256876667, 'l': 3256876668, 'T': 1698246891341, 'm': False, 'M': True}
2023-10-25 20:45:04,673 - INFO - {'e': 'aggTrade', 'E': 1698246891342, 's': 'BTCUSDT', 'a': 2738412011, 'p': '34692.05000000', 'q': '0.02790000', 'f': 3256876667, 'l': 3256876668, 'T': 1698246891341, 'm': False, 'M': True}
2023-10-25 20:45:04,676 - INFO - {'e': 'aggTrade', 'E': 1698246891342, 's': 'BTCUSDT', 'a': 2738412011, 'p': '34692.05000000', 'q': '0.02790000', 'f': 3256876667, 'l': 3256876668, 'T': 1698246891341, 'm': False, 'M': True}
2023-10-25 20:45:06,723 - INFO - {'e': 'aggTrade', 'E': 1698246891342, 's': 'BTCUSDT', 'a': 2738412011, 'p': '34692.05000000', 'q': '0.02790000', 'f': 3256876667, 'l': 3256876668, 'T': 1698246891341, 'm': False, 'M': True}
2023-10-25 20:45:06,727 - INFO - {'e': 'aggTrade', 'E': 1698246891342, 's': 'BTCUSDT', 'a': 2738412011, 'p': '34692.05000000', 'q': '0.02790000', 'f': 3256876667, 'l': 3256876668, 'T': 1698246891341, 'm': False, 'M': True}
2023-10-25 20:45:08,805 - INFO - {'e': 'aggTrade', 'E': 1698246891342, 's': 'BTCUSDT', 'a': 2738412011, 'p': '34692.05000000', 'q': '0.02790000', 'f': 3256876667, 'l': 3256876668, 'T': 1698246891341, 'm': False, 'M': True}
2023-10-25 20:45:08,807 - INFO - {'e': 'aggTrade', 'E': 1698246891342, 's': 'BTCUSDT', 'a': 2738412011, 'p': '34692.05000000', 'q': '0.02790000', 'f': 3256876667, 'l': 3256876668, 'T': 1698246891341, 'm': False, 'M': True}
2023-10-25 20:45:10,912 - INFO - {'e': 'aggTrade', 'E': 1698246891342, 's': 'BTCUSDT', 'a': 2738412011, 'p': '34692.05000000', 'q': '0.02790000', 'f': 3256876667, 'l': 3256876668, 'T': 1698246891341, 'm': False, 'M': True}
2023-10-25 20:45:10,915 - INFO - {'e': 'aggTrade', 'E': 1698246891342, 's': 'BTCUSDT', 'a': 2738412011, 'p': '34692.05000000', 'q': '0.02790000', 'f': 3256876667, 'l': 3256876668, 'T': 1698246891341, 'm': False, 'M': True}
2023-10-25 20:45:13,097 - INFO - {'e': 'aggTrade', 'E': 1698246891342, 's': 'BTCUSDT', 'a': 2738412011, 'p': '34692.05000000', 'q': '0.02790000', 'f': 3256876667, 'l': 3256876668, 'T': 1698246891341, 'm': False, 'M': True}
2023-10-25 20:45:13,105 - INFO - {'e': 'aggTrade', 'E': 1698246891342, 's': 'BTCUSDT', 'a': 2738412011, 'p': '34692.05000000', 'q': '0.02790000', 'f': 3256876667, 'l': 3256876668, 'T': 1698246891341, 'm': False, 'M': True}
2023-10-25 20:45:15,479 - INFO - {'e': 'aggTrade', 'E': 1698246891342, 's': 'BTCUSDT', 'a': 2738412011, 'p': '34692.05000000', 'q': '0.02790000', 'f': 3256876667, 'l': 3256876668, 'T': 1698246891341, 'm': False, 'M': True}
2023-10-25 20:45:15,484 - INFO - {'e': 'aggTrade', 'E': 1698246891342, 's': 'BTCUSDT', 'a': 2738412011, 'p': '34692.05000000', 'q': '0.02790000', 'f': 3256876667, 'l': 3256876668, 'T': 1698246891341, 'm': False, 'M': True}
2023-10-25 20:45:18,035 - INFO - {'e': 'aggTrade', 'E': 1698246891342, 's': 'BTCUSDT', 'a': 2738412011, 'p': '34692.05000000', 'q': '0.02790000', 'f': 3256876667, 'l': 3256876668, 'T': 1698246891341, 'm': False, 'M': True}
2023-10-25 20:45:18,041 - INFO - {'e': 'aggTrade', 'E': 1698246891342, 's': 'BTCUSDT', 'a': 2738412011, 'p': '34692.05000000', 'q': '0.02790000', 'f': 3256876667, 'l': 3256876668, 'T': 1698246891341, 'm': False, 'M': True}
2023-10-25 20:45:20,535 - INFO - {'e': 'aggTrade', 'E': 1698246891342, 's': 'BTCUSDT', 'a': 2738412011, 'p': '34692.05000000', 'q': '0.02790000', 'f': 3256876667, 'l': 3256876668, 'T': 1698246891341, 'm': False, 'M': True}
2023-10-25 20:45:20,543 - INFO - {'e': 'aggTrade', 'E': 1698246891342, 's': 'BTCUSDT', 'a': 2738412011, 'p': '34692.05000000', 'q': '0.02790000', 'f': 3256876667, 'l': 3256876668, 'T': 1698246891341, 'm': False, 'M': True}
2023-10-25 20:45:22,616 - INFO - {'e': 'aggTrade', 'E': 1698246891342, 's': 'BTCUSDT', 'a': 2738412011, 'p': '34692.05000000', 'q': '0.02790000', 'f': 3256876667, 'l': 3256876668, 'T': 1698246891341, 'm': False, 'M': True}
2023-10-25 20:45:22,618 - INFO - {'e': 'aggTrade', 'E': 1698246891342, 's': 'BTCUSDT', 'a': 2738412011, 'p': '34692.05000000', 'q': '0.02790000', 'f': 3256876667, 'l': 3256876668, 'T': 1698246891341, 'm': False, 'M': True}
2023-10-25 20:45:24,683 - INFO - {'e': 'aggTrade', 'E': 1698246891342, 's': 'BTCUSDT', 'a': 2738412011, 'p': '34692.05000000', 'q': '0.02790000', 'f': 3256876667, 'l': 3256876668, 'T': 1698246891341, 'm': False, 'M': True}
2023-10-25 20:45:24,686 - INFO - {'e': 'aggTrade', 'E': 1698246891342, 's': 'BTCUSDT', 'a': 2738412011, 'p': '34692.05000000', 'q': '0.02790000', 'f': 3256876667, 'l': 3256876668, 'T': 1698246891341, 'm': False, 'M': True}
2023-10-25 20:45:26,757 - INFO - {'e': 'aggTrade', 'E': 1698246891342, 's': 'BTCUSDT', 'a': 2738412011, 'p': '34692.05000000', 'q': '0.02790000', 'f': 3256876667, 'l': 3256876668, 'T': 1698246891341, 'm': False, 'M': True}
2023-10-25 20:45:26,763 - INFO - {'e': 'aggTrade', 'E': 1698246891342, 's': 'BTCUSDT', 'a': 2738412011, 'p': '34692.05000000', 'q': '0.02790000', 'f': 3256876667, 'l': 3256876668, 'T': 1698246891341, 'm': False, 'M': True}
2023-10-25 20:45:28,832 - INFO - {'e': 'aggTrade', 'E': 1698246891342, 's': 'BTCUSDT', 'a': 2738412011, 'p': '34692.05000000', 'q': '0.02790000', 'f': 3256876667, 'l': 3256876668, 'T': 1698246891341, 'm': False, 'M': True}
2023-10-25 20:45:28,834 - INFO - {'e': 'aggTrade', 'E': 1698246891342, 's': 'BTCUSDT', 'a': 2738412011, 'p': '34692.05000000', 'q': '0.02790000', 'f': 3256876667, 'l': 3256876668, 'T': 1698246891341, 'm': False, 'M': True}
2023-10-25 20:45:30,938 - INFO - {'e': 'aggTrade', 'E': 1698246891342, 's': 'BTCUSDT', 'a': 2738412011, 'p': '34692.05000000', 'q': '0.02790000', 'f': 3256876667, 'l': 3256876668, 'T': 1698246891341, 'm': False, 'M': True}
2023-10-25 20:45:30,942 - INFO - {'e': 'aggTrade', 'E': 1698246891342, 's': 'BTCUSDT', 'a': 2738412011, 'p': '34692.05000000', 'q': '0.02790000', 'f': 3256876667, 'l': 3256876668, 'T': 1698246891341, 'm': False, 'M': True}
2023-10-25 20:45:33,030 - INFO - {'e': 'aggTrade', 'E': 1698246891342, 's': 'BTCUSDT', 'a': 2738412011, 'p': '34692.05000000', 'q': '0.02790000', 'f': 3256876667, 'l': 3256876668, 'T': 1698246891341, 'm': False, 'M': True}
2023-10-25 20:45:33,034 - INFO - {'e': 'aggTrade', 'E': 1698246891342, 's': 'BTCUSDT', 'a': 2738412011, 'p': '34692.05000000', 'q': '0.02790000', 'f': 3256876667, 'l': 3256876668, 'T': 1698246891341, 'm': False, 'M': True}
2023-10-25 20:45:35,106 - INFO - {'e': 'aggTrade', 'E': 1698246891342, 's': 'BTCUSDT', 'a': 2738412011, 'p': '34692.05000000', 'q': '0.02790000', 'f': 3256876667, 'l': 3256876668, 'T': 1698246891341, 'm': False, 'M': True}
2023-10-25 20:45:35,108 - INFO - {'e': 'aggTrade', 'E': 1698246891342, 's': 'BTCUSDT', 'a': 2738412011, 'p': '34692.05000000', 'q': '0.02790000', 'f': 3256876667, 'l': 3256876668, 'T': 1698246891341, 'm': False, 'M': True}
2023-10-25 20:45:37,255 - INFO - {'e': 'aggTrade', 'E': 1698246891342, 's': 'BTCUSDT', 'a': 2738412011, 'p': '34692.05000000', 'q': '0.02790000', 'f': 3256876667, 'l': 3256876668, 'T': 1698246891341, 'm': False, 'M': True}
2023-10-25 20:45:37,258 - INFO - {'e': 'aggTrade', 'E': 1698246891342, 's': 'BTCUSDT', 'a': 2738412011, 'p': '34692.05000000', 'q': '0.02790000', 'f': 3256876667, 'l': 3256876668, 'T': 1698246891341, 'm': False, 'M': True}
2023-10-25 20:45:39,357 - INFO - {'e': 'aggTrade', 'E': 1698246891342, 's': 'BTCUSDT', 'a': 2738412011, 'p': '34692.05000000', 'q': '0.02790000', 'f': 3256876667, 'l': 3256876668, 'T': 1698246891341, 'm': False, 'M': True}
2023-10-25 20:45:39,360 - INFO - {'e': 'aggTrade', 'E': 1698246891342, 's': 'BTCUSDT', 'a': 2738412011, 'p': '34692.05000000', 'q': '0.02790000', 'f': 3256876667, 'l': 3256876668, 'T': 1698246891341, 'm': False, 'M': True}
2023-10-25 20:45:41,439 - INFO - {'e': 'aggTrade', 'E': 1698246891342, 's': 'BTCUSDT', 'a': 2738412011, 'p': '34692.05000000', 'q': '0.02790000', 'f': 3256876667, 'l': 3256876668, 'T': 1698246891341, 'm': False, 'M': True}
2023-10-25 20:45:41,442 - INFO - {'e': 'aggTrade', 'E': 1698246891342, 's': 'BTCUSDT', 'a': 2738412011, 'p': '34692.05000000', 'q': '0.02790000', 'f': 3256876667, 'l': 3256876668, 'T': 1698246891341, 'm': False, 'M': True}
2023-10-25 20:45:43,521 - INFO - {'e': 'aggTrade', 'E': 1698246891342, 's': 'BTCUSDT', 'a': 2738412011, 'p': '34692.05000000', 'q': '0.02790000', 'f': 3256876667, 'l': 3256876668, 'T': 1698246891341, 'm': False, 'M': True}
2023-10-25 20:45:43,527 - INFO - {'e': 'aggTrade', 'E': 1698246891342, 's': 'BTCUSDT', 'a': 2738412011, 'p': '34692.05000000', 'q': '0.02790000', 'f': 3256876667, 'l': 3256876668, 'T': 1698246891341, 'm': False, 'M': True}
2023-10-25 20:45:45,599 - INFO - {'e': 'aggTrade', 'E': 1698246891342, 's': 'BTCUSDT', 'a': 2738412011, 'p': '34692.05000000', 'q': '0.02790000', 'f': 3256876667, 'l': 3256876668, 'T': 1698246891341, 'm': False, 'M': True}
2023-10-25 20:45:45,602 - INFO - {'e': 'aggTrade', 'E': 1698246891342, 's': 'BTCUSDT', 'a': 2738412011, 'p': '34692.05000000', 'q': '0.02790000', 'f': 3256876667, 'l': 3256876668, 'T': 1698246891341, 'm': False, 'M': True}
2023-10-25 20:45:47,675 - INFO - {'e': 'aggTrade', 'E': 1698246891342, 's': 'BTCUSDT', 'a': 2738412011, 'p': '34692.05000000', 'q': '0.02790000', 'f': 3256876667, 'l': 3256876668, 'T': 1698246891341, 'm': False, 'M': True}
2023-10-25 20:45:47,681 - INFO - {'e': 'aggTrade', 'E': 1698246891342, 's': 'BTCUSDT', 'a': 2738412011, 'p': '34692.05000000', 'q': '0.02790000', 'f': 3256876667, 'l': 3256876668, 'T': 1698246891341, 'm': False, 'M': True}
2023-10-25 20:45:49,746 - INFO - {'e': 'aggTrade', 'E': 1698246891342, 's': 'BTCUSDT', 'a': 2738412011, 'p': '34692.05000000', 'q': '0.02790000', 'f': 3256876667, 'l': 3256876668, 'T': 1698246891341, 'm': False, 'M': True}
2023-10-25 20:45:49,748 - INFO - {'e': 'aggTrade', 'E': 1698246891342, 's': 'BTCUSDT', 'a': 2738412011, 'p': '34692.05000000', 'q': '0.02790000', 'f': 3256876667, 'l': 3256876668, 'T': 1698246891341, 'm': False, 'M': True}
2023-10-25 20:45:51,825 - INFO - {'e': 'aggTrade', 'E': 1698246891342, 's': 'BTCUSDT', 'a': 2738412011, 'p': '34692.05000000', 'q': '0.02790000', 'f': 3256876667, 'l': 3256876668, 'T': 1698246891341, 'm': False, 'M': True}
2023-10-25 20:45:51,829 - INFO - {'e': 'aggTrade', 'E': 1698246891342, 's': 'BTCUSDT', 'a': 2738412011, 'p': '34692.05000000', 'q': '0.02790000', 'f': 3256876667, 'l': 3256876668, 'T': 1698246891341, 'm': False, 'M': True}
2023-10-25 20:45:53,921 - INFO - {'e': 'aggTrade', 'E': 1698246891342, 's': 'BTCUSDT', 'a': 2738412011, 'p': '34692.05000000', 'q': '0.02790000', 'f': 3256876667, 'l': 3256876668, 'T': 1698246891341, 'm': False, 'M': True}
2023-10-25 20:45:53,924 - INFO - {'e': 'aggTrade', 'E': 1698246891342, 's': 'BTCUSDT', 'a': 2738412011, 'p': '34692.05000000', 'q': '0.02790000', 'f': 3256876667, 'l': 3256876668, 'T': 1698246891341, 'm': False, 'M': True}
2023-10-25 20:45:56,000 - INFO - {'e': 'aggTrade', 'E': 1698246891342, 's': 'BTCUSDT', 'a': 2738412011, 'p': '34692.05000000', 'q': '0.02790000', 'f': 3256876667, 'l': 3256876668, 'T': 1698246891341, 'm': False, 'M': True}
2023-10-25 20:45:56,002 - INFO - {'e': 'aggTrade', 'E': 1698246891342, 's': 'BTCUSDT', 'a': 2738412011, 'p': '34692.05000000', 'q': '0.02790000', 'f': 3256876667, 'l': 3256876668, 'T': 1698246891341, 'm': False, 'M': True}
2023-10-25 20:45:58,124 - INFO - {'e': 'aggTrade', 'E': 1698246891342, 's': 'BTCUSDT', 'a': 2738412011, 'p': '34692.05000000', 'q': '0.02790000', 'f': 3256876667, 'l': 3256876668, 'T': 1698246891341, 'm': False, 'M': True}
2023-10-25 20:45:58,127 - INFO - {'e': 'aggTrade', 'E': 1698246891342, 's': 'BTCUSDT', 'a': 2738412011, 'p': '34692.05000000', 'q': '0.02790000', 'f': 3256876667, 'l': 3256876668, 'T': 1698246891341, 'm': False, 'M': True}
2023-10-25 20:46:00,220 - INFO - {'e': 'aggTrade', 'E': 1698246891342, 's': 'BTCUSDT', 'a': 2738412011, 'p': '34692.05000000', 'q': '0.02790000', 'f': 3256876667, 'l': 3256876668, 'T': 1698246891341, 'm': False, 'M': True}
2023-10-25 20:46:00,224 - INFO - {'e': 'aggTrade', 'E': 1698246891342, 's': 'BTCUSDT', 'a': 2738412011, 'p': '34692.05000000', 'q': '0.02790000', 'f': 3256876667, 'l': 3256876668, 'T': 1698246891341, 'm': False, 'M': True}
2023-10-25 20:46:02,293 - INFO - {'e': 'aggTrade', 'E': 1698246891342, 's': 'BTCUSDT', 'a': 2738412011, 'p': '34692.05000000', 'q': '0.02790000', 'f': 3256876667, 'l': 3256876668, 'T': 1698246891341, 'm': False, 'M': True}
2023-10-25 20:46:02,295 - INFO - {'e': 'aggTrade', 'E': 1698246891342, 's': 'BTCUSDT', 'a': 2738412011, 'p': '34692.05000000', 'q': '0.02790000', 'f': 3256876667, 'l': 3256876668, 'T': 1698246891341, 'm': False, 'M': True}
2023-10-25 20:46:04,368 - INFO - {'e': 'aggTrade', 'E': 1698246891342, 's': 'BTCUSDT', 'a': 2738412011, 'p': '34692.05000000', 'q': '0.02790000', 'f': 3256876667, 'l': 3256876668, 'T': 1698246891341, 'm': False, 'M': True}
2023-10-25 20:46:04,370 - INFO - {'e': 'aggTrade', 'E': 1698246891342, 's': 'BTCUSDT', 'a': 2738412011, 'p': '34692.05000000', 'q': '0.02790000', 'f': 3256876667, 'l': 3256876668, 'T': 1698246891341, 'm': False, 'M': True}
2023-10-25 20:46:06,448 - INFO - {'e': 'aggTrade', 'E': 1698246891342, 's': 'BTCUSDT', 'a': 2738412011, 'p': '34692.05000000', 'q': '0.02790000', 'f': 3256876667, 'l': 3256876668, 'T': 1698246891341, 'm': False, 'M': True}
2023-10-25 20:46:06,451 - INFO - {'e': 'aggTrade', 'E': 1698246891342, 's': 'BTCUSDT', 'a': 2738412011, 'p': '34692.05000000', 'q': '0.02790000', 'f': 3256876667, 'l': 3256876668, 'T': 1698246891341, 'm': False, 'M': True}
2023-10-25 20:46:08,526 - INFO - {'e': 'aggTrade', 'E': 1698246891342, 's': 'BTCUSDT', 'a': 2738412011, 'p': '34692.05000000', 'q': '0.02790000', 'f': 3256876667, 'l': 3256876668, 'T': 1698246891341, 'm': False, 'M': True}
2023-10-25 20:46:08,528 - INFO - {'e': 'aggTrade', 'E': 1698246891342, 's': 'BTCUSDT', 'a': 2738412011, 'p': '34692.05000000', 'q': '0.02790000', 'f': 3256876667, 'l': 3256876668, 'T': 1698246891341, 'm': False, 'M': True}
2023-10-25 20:46:10,576 - INFO - {'e': 'aggTrade', 'E': 1698246891342, 's': 'BTCUSDT', 'a': 2738412011, 'p': '34692.05000000', 'q': '0.02790000', 'f': 3256876667, 'l': 3256876668, 'T': 1698246891341, 'm': False, 'M': True}
2023-10-25 20:46:10,578 - INFO - {'e': 'aggTrade', 'E': 1698246891342, 's': 'BTCUSDT', 'a': 2738412011, 'p': '34692.05000000', 'q': '0.02790000', 'f': 3256876667, 'l': 3256876668, 'T': 1698246891341, 'm': False, 'M': True}
2023-10-25 20:46:12,648 - INFO - {'e': 'aggTrade', 'E': 1698246891342, 's': 'BTCUSDT', 'a': 2738412011, 'p': '34692.05000000', 'q': '0.02790000', 'f': 3256876667, 'l': 3256876668, 'T': 1698246891341, 'm': False, 'M': True}
2023-10-25 20:46:12,652 - INFO - {'e': 'aggTrade', 'E': 1698246891342, 's': 'BTCUSDT', 'a': 2738412011, 'p': '34692.05000000', 'q': '0.02790000', 'f': 3256876667, 'l': 3256876668, 'T': 1698246891341, 'm': False, 'M': True}
2023-10-25 20:46:14,726 - INFO - {'e': 'aggTrade', 'E': 1698246891342, 's': 'BTCUSDT', 'a': 2738412011, 'p': '34692.05000000', 'q': '0.02790000', 'f': 3256876667, 'l': 3256876668, 'T': 1698246891341, 'm': False, 'M': True}
2023-10-25 20:46:14,728 - INFO - {'e': 'aggTrade', 'E': 1698246891342, 's': 'BTCUSDT', 'a': 2738412011, 'p': '34692.05000000', 'q': '0.02790000', 'f': 3256876667, 'l': 3256876668, 'T': 1698246891341, 'm': False, 'M': True}
2023-10-25 20:46:16,788 - INFO - {'e': 'aggTrade', 'E': 1698246891342, 's': 'BTCUSDT', 'a': 2738412011, 'p': '34692.05000000', 'q': '0.02790000', 'f': 3256876667, 'l': 3256876668, 'T': 1698246891341, 'm': False, 'M': True}
2023-10-25 20:46:16,790 - INFO - {'e': 'aggTrade', 'E': 1698246891342, 's': 'BTCUSDT', 'a': 2738412011, 'p': '34692.05000000', 'q': '0.02790000', 'f': 3256876667, 'l': 3256876668, 'T': 1698246891341, 'm': False, 'M': True}
2023-10-25 20:46:18,869 - INFO - {'e': 'aggTrade', 'E': 1698246891342, 's': 'BTCUSDT', 'a': 2738412011, 'p': '34692.05000000', 'q': '0.02790000', 'f': 3256876667, 'l': 3256876668, 'T': 1698246891341, 'm': False, 'M': True}
2023-10-25 20:46:18,872 - INFO - {'e': 'aggTrade', 'E': 1698246891342, 's': 'BTCUSDT', 'a': 2738412011, 'p': '34692.05000000', 'q': '0.02790000', 'f': 3256876667, 'l': 3256876668, 'T': 1698246891341, 'm': False, 'M': True}
2023-10-25 20:46:20,941 - INFO - {'e': 'aggTrade', 'E': 1698246891342, 's': 'BTCUSDT', 'a': 2738412011, 'p': '34692.05000000', 'q': '0.02790000', 'f': 3256876667, 'l': 3256876668, 'T': 1698246891341, 'm': False, 'M': True}
2023-10-25 20:46:20,944 - INFO - {'e': 'aggTrade', 'E': 1698246891342, 's': 'BTCUSDT', 'a': 2738412011, 'p': '34692.05000000', 'q': '0.02790000', 'f': 3256876667, 'l': 3256876668, 'T': 1698246891341, 'm': False, 'M': True}
2023-10-25 20:46:23,004 - INFO - {'e': 'aggTrade', 'E': 1698246891342, 's': 'BTCUSDT', 'a': 2738412011, 'p': '34692.05000000', 'q': '0.02790000', 'f': 3256876667, 'l': 3256876668, 'T': 1698246891341, 'm': False, 'M': True}
2023-10-25 20:46:23,006 - INFO - {'e': 'aggTrade', 'E': 1698246891342, 's': 'BTCUSDT', 'a': 2738412011, 'p': '34692.05000000', 'q': '0.02790000', 'f': 3256876667, 'l': 3256876668, 'T': 1698246891341, 'm': False, 'M': True}
2023-10-25 20:46:25,071 - INFO - {'e': 'aggTrade', 'E': 1698246891342, 's': 'BTCUSDT', 'a': 2738412011, 'p': '34692.05000000', 'q': '0.02790000', 'f': 3256876667, 'l': 3256876668, 'T': 1698246891341, 'm': False, 'M': True}
2023-10-25 20:46:25,075 - INFO - {'e': 'aggTrade', 'E': 1698246891342, 's': 'BTCUSDT', 'a': 2738412011, 'p': '34692.05000000', 'q': '0.02790000', 'f': 3256876667, 'l': 3256876668, 'T': 1698246891341, 'm': False, 'M': True}
2023-10-25 20:46:27,151 - INFO - {'e': 'aggTrade', 'E': 1698246891342, 's': 'BTCUSDT', 'a': 2738412011, 'p': '34692.05000000', 'q': '0.02790000', 'f': 3256876667, 'l': 3256876668, 'T': 1698246891341, 'm': False, 'M': True}
2023-10-25 20:46:27,153 - INFO - {'e': 'aggTrade', 'E': 1698246891342, 's': 'BTCUSDT', 'a': 2738412011, 'p': '34692.05000000', 'q': '0.02790000', 'f': 3256876667, 'l': 3256876668, 'T': 1698246891341, 'm': False, 'M': True}
2023-10-25 20:46:29,222 - INFO - {'e': 'aggTrade', 'E': 1698246891342, 's': 'BTCUSDT', 'a': 2738412011, 'p': '34692.05000000', 'q': '0.02790000', 'f': 3256876667, 'l': 3256876668, 'T': 1698246891341, 'm': False, 'M': True}
2023-10-25 20:46:29,225 - INFO - {'e': 'aggTrade', 'E': 1698246891342, 's': 'BTCUSDT', 'a': 2738412011, 'p': '34692.05000000', 'q': '0.02790000', 'f': 3256876667, 'l': 3256876668, 'T': 1698246891341, 'm': False, 'M': True}
2023-10-25 20:46:31,281 - INFO - {'e': 'aggTrade', 'E': 1698246891342, 's': 'BTCUSDT', 'a': 2738412011, 'p': '34692.05000000', 'q': '0.02790000', 'f': 3256876667, 'l': 3256876668, 'T': 1698246891341, 'm': False, 'M': True}
2023-10-25 20:46:31,283 - INFO - {'e': 'aggTrade', 'E': 1698246891342, 's': 'BTCUSDT', 'a': 2738412011, 'p': '34692.05000000', 'q': '0.02790000', 'f': 3256876667, 'l': 3256876668, 'T': 1698246891341, 'm': False, 'M': True}
2023-10-25 20:46:33,351 - INFO - {'e': 'aggTrade', 'E': 1698246891342, 's': 'BTCUSDT', 'a': 2738412011, 'p': '34692.05000000', 'q': '0.02790000', 'f': 3256876667, 'l': 3256876668, 'T': 1698246891341, 'm': False, 'M': True}
2023-10-25 20:46:33,354 - INFO - {'e': 'aggTrade', 'E': 1698246891342, 's': 'BTCUSDT', 'a': 2738412011, 'p': '34692.05000000', 'q': '0.02790000', 'f': 3256876667, 'l': 3256876668, 'T': 1698246891341, 'm': False, 'M': True}
2023-10-25 20:46:35,403 - INFO - {'e': 'aggTrade', 'E': 1698246891342, 's': 'BTCUSDT', 'a': 2738412011, 'p': '34692.05000000', 'q': '0.02790000', 'f': 3256876667, 'l': 3256876668, 'T': 1698246891341, 'm': False, 'M': True}
2023-10-25 20:46:35,405 - INFO - {'e': 'aggTrade', 'E': 1698246891342, 's': 'BTCUSDT', 'a': 2738412011, 'p': '34692.05000000', 'q': '0.02790000', 'f': 3256876667, 'l': 3256876668, 'T': 1698246891341, 'm': False, 'M': True}
2023-10-25 20:46:37,455 - INFO - {'e': 'aggTrade', 'E': 1698246891342, 's': 'BTCUSDT', 'a': 2738412011, 'p': '34692.05000000', 'q': '0.02790000', 'f': 3256876667, 'l': 3256876668, 'T': 1698246891341, 'm': False, 'M': True}
2023-10-25 20:46:37,457 - INFO - {'e': 'aggTrade', 'E': 1698246891342, 's': 'BTCUSDT', 'a': 2738412011, 'p': '34692.05000000', 'q': '0.02790000', 'f': 3256876667, 'l': 3256876668, 'T': 1698246891341, 'm': False, 'M': True}
2023-10-25 20:46:39,514 - INFO - {'e': 'aggTrade', 'E': 1698246891342, 's': 'BTCUSDT', 'a': 2738412011, 'p': '34692.05000000', 'q': '0.02790000', 'f': 3256876667, 'l': 3256876668, 'T': 1698246891341, 'm': False, 'M': True}
2023-10-25 20:46:39,516 - INFO - {'e': 'aggTrade', 'E': 1698246891342, 's': 'BTCUSDT', 'a': 2738412011, 'p': '34692.05000000', 'q': '0.02790000', 'f': 3256876667, 'l': 3256876668, 'T': 1698246891341, 'm': False, 'M': True}
2023-10-25 20:46:41,576 - INFO - {'e': 'aggTrade', 'E': 1698246891342, 's': 'BTCUSDT', 'a': 2738412011, 'p': '34692.05000000', 'q': '0.02790000', 'f': 3256876667, 'l': 3256876668, 'T': 1698246891341, 'm': False, 'M': True}
2023-10-25 20:46:41,579 - INFO - {'e': 'aggTrade', 'E': 1698246891342, 's': 'BTCUSDT', 'a': 2738412011, 'p': '34692.05000000', 'q': '0.02790000', 'f': 3256876667, 'l': 3256876668, 'T': 1698246891341, 'm': False, 'M': True}
2023-10-25 20:46:43,636 - INFO - {'e': 'aggTrade', 'E': 1698246891342, 's': 'BTCUSDT', 'a': 2738412011, 'p': '34692.05000000', 'q': '0.02790000', 'f': 3256876667, 'l': 3256876668, 'T': 1698246891341, 'm': False, 'M': True}
2023-10-25 20:46:43,638 - INFO - {'e': 'aggTrade', 'E': 1698246891342, 's': 'BTCUSDT', 'a': 2738412011, 'p': '34692.05000000', 'q': '0.02790000', 'f': 3256876667, 'l': 3256876668, 'T': 1698246891341, 'm': False, 'M': True}
2023-10-25 20:46:45,705 - INFO - {'e': 'aggTrade', 'E': 1698246891342, 's': 'BTCUSDT', 'a': 2738412011, 'p': '34692.05000000', 'q': '0.02790000', 'f': 3256876667, 'l': 3256876668, 'T': 1698246891341, 'm': False, 'M': True}
2023-10-25 20:46:45,708 - INFO - {'e': 'aggTrade', 'E': 1698246891342, 's': 'BTCUSDT', 'a': 2738412011, 'p': '34692.05000000', 'q': '0.02790000', 'f': 3256876667, 'l': 3256876668, 'T': 1698246891341, 'm': False, 'M': True}
2023-10-25 20:46:47,754 - INFO - {'e': 'aggTrade', 'E': 1698246891342, 's': 'BTCUSDT', 'a': 2738412011, 'p': '34692.05000000', 'q': '0.02790000', 'f': 3256876667, 'l': 3256876668, 'T': 1698246891341, 'm': False, 'M': True}
2023-10-25 20:46:47,757 - INFO - {'e': 'aggTrade', 'E': 1698246891342, 's': 'BTCUSDT', 'a': 2738412011, 'p': '34692.05000000', 'q': '0.02790000', 'f': 3256876667, 'l': 3256876668, 'T': 1698246891341, 'm': False, 'M': True}
2023-10-25 20:46:49,816 - INFO - {'e': 'aggTrade', 'E': 1698246891342, 's': 'BTCUSDT', 'a': 2738412011, 'p': '34692.05000000', 'q': '0.02790000', 'f': 3256876667, 'l': 3256876668, 'T': 1698246891341, 'm': False, 'M': True}
2023-10-25 20:46:49,819 - INFO - {'e': 'aggTrade', 'E': 1698246891342, 's': 'BTCUSDT', 'a': 2738412011, 'p': '34692.05000000', 'q': '0.02790000', 'f': 3256876667, 'l': 3256876668, 'T': 1698246891341, 'm': False, 'M': True}
2023-10-25 20:46:51,900 - INFO - {'e': 'aggTrade', 'E': 1698246891342, 's': 'BTCUSDT', 'a': 2738412011, 'p': '34692.05000000', 'q': '0.02790000', 'f': 3256876667, 'l': 3256876668, 'T': 1698246891341, 'm': False, 'M': True}
2023-10-25 20:46:51,905 - INFO - {'e': 'aggTrade', 'E': 1698246891342, 's': 'BTCUSDT', 'a': 2738412011, 'p': '34692.05000000', 'q': '0.02790000', 'f': 3256876667, 'l': 3256876668, 'T': 1698246891341, 'm': False, 'M': True}
2023-10-25 20:46:53,982 - INFO - {'e': 'aggTrade', 'E': 1698246891342, 's': 'BTCUSDT', 'a': 2738412011, 'p': '34692.05000000', 'q': '0.02790000', 'f': 3256876667, 'l': 3256876668, 'T': 1698246891341, 'm': False, 'M': True}
2023-10-25 20:46:53,985 - INFO - {'e': 'aggTrade', 'E': 1698246891342, 's': 'BTCUSDT', 'a': 2738412011, 'p': '34692.05000000', 'q': '0.02790000', 'f': 3256876667, 'l': 3256876668, 'T': 1698246891341, 'm': False, 'M': True}
2023-10-25 20:46:56,046 - INFO - {'e': 'aggTrade', 'E': 1698246891342, 's': 'BTCUSDT', 'a': 2738412011, 'p': '34692.05000000', 'q': '0.02790000', 'f': 3256876667, 'l': 3256876668, 'T': 1698246891341, 'm': False, 'M': True}
2023-10-25 20:46:56,050 - INFO - {'e': 'aggTrade', 'E': 1698246891342, 's': 'BTCUSDT', 'a': 2738412011, 'p': '34692.05000000', 'q': '0.02790000', 'f': 3256876667, 'l': 3256876668, 'T': 1698246891341, 'm': False, 'M': True}
2023-10-25 21:11:54,128 - INFO - {'e': 'aggTrade', 'E': 1698248515060, 's': 'BTCUSDT', 'a': 2738455240, 'p': '34778.13000000', 'q': '0.00215000', 'f': 3256933799, 'l': 3256933800, 'T': 1698248515060, 'm': False, 'M': True}
2023-10-25 21:11:54,128 - INFO - {'e': 'aggTrade', 'E': 1698248515060, 's': 'BTCUSDT', 'a': 2738455240, 'p': '34778.13000000', 'q': '0.00215000', 'f': 3256933799, 'l': 3256933800, 'T': 1698248515060, 'm': False, 'M': True}
2023-10-25 21:11:56,193 - INFO - {'e': 'aggTrade', 'E': 1698248517086, 's': 'BTCUSDT', 'a': 2738455265, 'p': '34779.80000000', 'q': '0.00014000', 'f': 3256933828, 'l': 3256933828, 'T': 1698248517086, 'm': False, 'M': True}
2023-10-25 21:11:56,193 - INFO - {'e': 'aggTrade', 'E': 1698248517086, 's': 'BTCUSDT', 'a': 2738455265, 'p': '34779.80000000', 'q': '0.00014000', 'f': 3256933828, 'l': 3256933828, 'T': 1698248517086, 'm': False, 'M': True}
2023-10-25 21:11:58,248 - INFO - {'e': 'aggTrade', 'E': 1698248519226, 's': 'BTCUSDT', 'a': 2738455282, 'p': '34778.13000000', 'q': '0.00075000', 'f': 3256933848, 'l': 3256933848, 'T': 1698248519226, 'm': False, 'M': True}
2023-10-25 21:11:58,250 - INFO - {'e': 'aggTrade', 'E': 1698248519226, 's': 'BTCUSDT', 'a': 2738455282, 'p': '34778.13000000', 'q': '0.00075000', 'f': 3256933848, 'l': 3256933848, 'T': 1698248519226, 'm': False, 'M': True}
2023-10-25 21:12:00,316 - INFO - {'e': 'aggTrade', 'E': 1698248521329, 's': 'BTCUSDT', 'a': 2738455348, 'p': '34778.12000000', 'q': '0.00571000', 'f': 3256933914, 'l': 3256933914, 'T': 1698248521328, 'm': True, 'M': True}
2023-10-25 21:12:00,318 - INFO - {'e': 'aggTrade', 'E': 1698248521329, 's': 'BTCUSDT', 'a': 2738455348, 'p': '34778.12000000', 'q': '0.00571000', 'f': 3256933914, 'l': 3256933914, 'T': 1698248521328, 'm': True, 'M': True}
2023-10-25 21:12:02,378 - INFO - {'e': 'aggTrade', 'E': 1698248523358, 's': 'BTCUSDT', 'a': 2738455397, 'p': '34775.26000000', 'q': '0.00065000', 'f': 3256933985, 'l': 3256933985, 'T': 1698248523357, 'm': True, 'M': True}
2023-10-25 21:12:02,382 - INFO - {'e': 'aggTrade', 'E': 1698248523358, 's': 'BTCUSDT', 'a': 2738455397, 'p': '34775.26000000', 'q': '0.00065000', 'f': 3256933985, 'l': 3256933985, 'T': 1698248523357, 'm': True, 'M': True}
2023-10-25 21:12:04,441 - INFO - {'e': 'aggTrade', 'E': 1698248525426, 's': 'BTCUSDT', 'a': 2738455435, 'p': '34770.01000000', 'q': '0.00700000', 'f': 3256934039, 'l': 3256934040, 'T': 1698248525425, 'm': False, 'M': True}
2023-10-25 21:12:04,444 - INFO - {'e': 'aggTrade', 'E': 1698248525426, 's': 'BTCUSDT', 'a': 2738455435, 'p': '34770.01000000', 'q': '0.00700000', 'f': 3256934039, 'l': 3256934040, 'T': 1698248525425, 'm': False, 'M': True}
2023-10-25 21:12:06,489 - INFO - {'e': 'aggTrade', 'E': 1698248527471, 's': 'BTCUSDT', 'a': 2738455520, 'p': '34756.56000000', 'q': '0.00786000', 'f': 3256934153, 'l': 3256934153, 'T': 1698248527470, 'm': False, 'M': True}
2023-10-25 21:12:06,489 - INFO - {'e': 'aggTrade', 'E': 1698248527471, 's': 'BTCUSDT', 'a': 2738455520, 'p': '34756.56000000', 'q': '0.00786000', 'f': 3256934153, 'l': 3256934153, 'T': 1698248527470, 'm': False, 'M': True}
2023-10-25 21:12:08,530 - INFO - {'e': 'aggTrade', 'E': 1698248529272, 's': 'BTCUSDT', 'a': 2738455527, 'p': '34756.55000000', 'q': '0.00064000', 'f': 3256934160, 'l': 3256934161, 'T': 1698248529271, 'm': True, 'M': True}
2023-10-25 21:12:08,530 - INFO - {'e': 'aggTrade', 'E': 1698248529272, 's': 'BTCUSDT', 'a': 2738455527, 'p': '34756.55000000', 'q': '0.00064000', 'f': 3256934160, 'l': 3256934161, 'T': 1698248529271, 'm': True, 'M': True}
2023-10-25 21:12:10,607 - INFO - {'e': 'aggTrade', 'E': 1698248531502, 's': 'BTCUSDT', 'a': 2738455546, 'p': '34755.45000000', 'q': '0.01632000', 'f': 3256934186, 'l': 3256934186, 'T': 1698248531501, 'm': False, 'M': True}
2023-10-25 21:12:10,607 - INFO - {'e': 'aggTrade', 'E': 1698248531502, 's': 'BTCUSDT', 'a': 2738455546, 'p': '34755.45000000', 'q': '0.01632000', 'f': 3256934186, 'l': 3256934186, 'T': 1698248531501, 'm': False, 'M': True}
2023-10-25 21:12:12,682 - INFO - {'e': 'aggTrade', 'E': 1698248533677, 's': 'BTCUSDT', 'a': 2738455587, 'p': '34758.04000000', 'q': '0.00065000', 'f': 3256934245, 'l': 3256934245, 'T': 1698248533676, 'm': True, 'M': True}
2023-10-25 21:12:12,686 - INFO - {'e': 'aggTrade', 'E': 1698248533677, 's': 'BTCUSDT', 'a': 2738455587, 'p': '34758.04000000', 'q': '0.00065000', 'f': 3256934245, 'l': 3256934245, 'T': 1698248533676, 'm': True, 'M': True}
2023-10-25 21:12:14,718 - INFO - {'e': 'aggTrade', 'E': 1698248535552, 's': 'BTCUSDT', 'a': 2738455610, 'p': '34757.76000000', 'q': '0.00106000', 'f': 3256934277, 'l': 3256934278, 'T': 1698248535552, 'm': True, 'M': True}
2023-10-25 21:12:14,718 - INFO - {'e': 'aggTrade', 'E': 1698248535552, 's': 'BTCUSDT', 'a': 2738455610, 'p': '34757.76000000', 'q': '0.00106000', 'f': 3256934277, 'l': 3256934278, 'T': 1698248535552, 'm': True, 'M': True}
2023-10-25 21:12:16,776 - INFO - {'e': 'aggTrade', 'E': 1698248537800, 's': 'BTCUSDT', 'a': 2738455620, 'p': '34757.69000000', 'q': '0.00024000', 'f': 3256934293, 'l': 3256934293, 'T': 1698248537799, 'm': True, 'M': True}
2023-10-25 21:12:16,776 - INFO - {'e': 'aggTrade', 'E': 1698248537800, 's': 'BTCUSDT', 'a': 2738455620, 'p': '34757.69000000', 'q': '0.00024000', 'f': 3256934293, 'l': 3256934293, 'T': 1698248537799, 'm': True, 'M': True}
2023-10-25 21:12:18,850 - INFO - {'e': 'aggTrade', 'E': 1698248539852, 's': 'BTCUSDT', 'a': 2738455661, 'p': '34755.45000000', 'q': '0.00669000', 'f': 3256934346, 'l': 3256934346, 'T': 1698248539852, 'm': False, 'M': True}
2023-10-25 21:12:18,854 - INFO - {'e': 'aggTrade', 'E': 1698248539852, 's': 'BTCUSDT', 'a': 2738455661, 'p': '34755.45000000', 'q': '0.00669000', 'f': 3256934346, 'l': 3256934346, 'T': 1698248539852, 'm': False, 'M': True}
2023-10-25 21:12:20,900 - INFO - {'e': 'aggTrade', 'E': 1698248541721, 's': 'BTCUSDT', 'a': 2738455686, 'p': '34753.15000000', 'q': '0.04620000', 'f': 3256934381, 'l': 3256934381, 'T': 1698248541720, 'm': False, 'M': True}
2023-10-25 21:12:20,900 - INFO - {'e': 'aggTrade', 'E': 1698248541721, 's': 'BTCUSDT', 'a': 2738455686, 'p': '34753.15000000', 'q': '0.04620000', 'f': 3256934381, 'l': 3256934381, 'T': 1698248541720, 'm': False, 'M': True}
2023-10-25 21:12:22,960 - INFO - {'e': 'aggTrade', 'E': 1698248543692, 's': 'BTCUSDT', 'a': 2738455754, 'p': '34745.02000000', 'q': '0.01175000', 'f': 3256934483, 'l': 3256934483, 'T': 1698248543691, 'm': False, 'M': True}
2023-10-25 21:12:22,960 - INFO - {'e': 'aggTrade', 'E': 1698248543692, 's': 'BTCUSDT', 'a': 2738455754, 'p': '34745.02000000', 'q': '0.01175000', 'f': 3256934483, 'l': 3256934483, 'T': 1698248543691, 'm': False, 'M': True}
