2023-11-06 16:44:54,121 - INFO - {'e': 'aggTrade', 'E': 1699269294295, 's': 'BTCUSDT', 'a': 2748548525, 'p': '35138.24000000', 'q': '0.01046000', 'f': 3270196377, 'l': 3270196377, 'T': 1699269294295, 'm': True, 'M': True}
2023-11-06 16:44:54,121 - INFO - {'e': 'aggTrade', 'E': 1699269294295, 's': 'BTCUSDT', 'a': 2748548525, 'p': '35138.24000000', 'q': '0.01046000', 'f': 3270196377, 'l': 3270196377, 'T': 1699269294295, 'm': True, 'M': True}
2023-11-06 16:44:56,173 - INFO - {'e': 'aggTrade', 'E': 1699269296381, 's': 'BTCUSDT', 'a': 2748548532, 'p': '35138.25000000', 'q': '0.00043000', 'f': 3270196390, 'l': 3270196390, 'T': 1699269296381, 'm': False, 'M': True}
2023-11-06 16:44:56,173 - INFO - {'e': 'aggTrade', 'E': 1699269296381, 's': 'BTCUSDT', 'a': 2748548532, 'p': '35138.25000000', 'q': '0.00043000', 'f': 3270196390, 'l': 3270196390, 'T': 1699269296381, 'm': False, 'M': True}
2023-11-06 16:44:58,218 - INFO - {'e': 'aggTrade', 'E': 1699269298499, 's': 'ETHUSDT', 'a': 953374271, 'p': '1894.93000000', 'q': '0.00270000', 'f': 1224526805, 'l': 1224526805, 'T': 1699269298498, 'm': True, 'M': True}
2023-11-06 16:44:58,218 - INFO - {'e': 'aggTrade', 'E': 1699269298499, 's': 'ETHUSDT', 'a': 953374271, 'p': '1894.93000000', 'q': '0.00270000', 'f': 1224526805, 'l': 1224526805, 'T': 1699269298498, 'm': True, 'M': True}
2023-11-06 16:45:00,293 - INFO - {'e': 'aggTrade', 'E': 1699269300563, 's': 'BTCUSDT', 'a': 2748548594, 'p': '35138.24000000', 'q': '0.01900000', 'f': 3270196456, 'l': 3270196456, 'T': 1699269300562, 'm': True, 'M': True}
2023-11-06 16:45:00,295 - INFO - {'e': 'aggTrade', 'E': 1699269300563, 's': 'BTCUSDT', 'a': 2748548594, 'p': '35138.24000000', 'q': '0.01900000', 'f': 3270196456, 'l': 3270196456, 'T': 1699269300562, 'm': True, 'M': True}
2023-11-06 16:45:02,347 - INFO - {'e': 'aggTrade', 'E': 1699269302424, 's': 'ETHUSDT', 'a': 953374344, 'p': '1895.03000000', 'q': '0.00610000', 'f': 1224526895, 'l': 1224526895, 'T': 1699269302423, 'm': False, 'M': True}
2023-11-06 16:45:02,347 - INFO - {'e': 'aggTrade', 'E': 1699269302424, 's': 'ETHUSDT', 'a': 953374344, 'p': '1895.03000000', 'q': '0.00610000', 'f': 1224526895, 'l': 1224526895, 'T': 1699269302423, 'm': False, 'M': True}
2023-11-06 16:45:04,417 - INFO - {'e': 'aggTrade', 'E': 1699269304431, 's': 'BTCUSDT', 'a': 2748548633, 'p': '35138.24000000', 'q': '0.09200000', 'f': 3270196506, 'l': 3270196506, 'T': 1699269304430, 'm': True, 'M': True}
2023-11-06 16:45:04,421 - INFO - {'e': 'aggTrade', 'E': 1699269304431, 's': 'BTCUSDT', 'a': 2748548633, 'p': '35138.24000000', 'q': '0.09200000', 'f': 3270196506, 'l': 3270196506, 'T': 1699269304430, 'm': True, 'M': True}
2023-11-06 16:45:06,470 - INFO - {'e': 'aggTrade', 'E': 1699269306473, 's': 'BTCUSDT', 'a': 2748548646, 'p': '35138.25000000', 'q': '0.00026000', 'f': 3270196519, 'l': 3270196519, 'T': 1699269306472, 'm': False, 'M': True}
2023-11-06 16:45:06,471 - INFO - {'e': 'aggTrade', 'E': 1699269306473, 's': 'BTCUSDT', 'a': 2748548646, 'p': '35138.25000000', 'q': '0.00026000', 'f': 3270196519, 'l': 3270196519, 'T': 1699269306472, 'm': False, 'M': True}
2023-11-06 16:45:08,520 - INFO - {'e': 'aggTrade', 'E': 1699269308632, 's': 'BTCUSDT', 'a': 2748548656, 'p': '35138.25000000', 'q': '0.00896000', 'f': 3270196532, 'l': 3270196532, 'T': 1699269308631, 'm': False, 'M': True}
2023-11-06 16:45:08,523 - INFO - {'e': 'aggTrade', 'E': 1699269308632, 's': 'BTCUSDT', 'a': 2748548656, 'p': '35138.25000000', 'q': '0.00896000', 'f': 3270196532, 'l': 3270196532, 'T': 1699269308631, 'm': False, 'M': True}
2023-11-06 16:45:10,564 - INFO - {'e': 'aggTrade', 'E': 1699269310731, 's': 'BTCUSDT', 'a': 2748548672, 'p': '35138.94000000', 'q': '0.00183000', 'f': 3270196555, 'l': 3270196555, 'T': 1699269310730, 'm': False, 'M': True}
2023-11-06 16:45:10,564 - INFO - {'e': 'aggTrade', 'E': 1699269310731, 's': 'BTCUSDT', 'a': 2748548672, 'p': '35138.94000000', 'q': '0.00183000', 'f': 3270196555, 'l': 3270196555, 'T': 1699269310730, 'm': False, 'M': True}
2023-11-06 16:45:12,619 - INFO - {'e': 'aggTrade', 'E': 1699269312830, 's': 'ETHUSDT', 'a': 953374402, 'p': '1895.25000000', 'q': '0.02230000', 'f': 1224526974, 'l': 1224526975, 'T': 1699269312829, 'm': True, 'M': True}
2023-11-06 16:45:12,619 - INFO - {'e': 'aggTrade', 'E': 1699269312830, 's': 'ETHUSDT', 'a': 953374402, 'p': '1895.25000000', 'q': '0.02230000', 'f': 1224526974, 'l': 1224526975, 'T': 1699269312829, 'm': True, 'M': True}
2023-11-06 16:45:14,660 - INFO - {'e': 'aggTrade', 'E': 1699269314721, 's': 'ETHUSDT', 'a': 953374406, 'p': '1895.25000000', 'q': '0.01130000', 'f': 1224526980, 'l': 1224526980, 'T': 1699269314720, 'm': True, 'M': True}
2023-11-06 16:45:14,660 - INFO - {'e': 'aggTrade', 'E': 1699269314721, 's': 'ETHUSDT', 'a': 953374406, 'p': '1895.25000000', 'q': '0.01130000', 'f': 1224526980, 'l': 1224526980, 'T': 1699269314720, 'm': True, 'M': True}
2023-11-06 16:45:16,713 - INFO - {'e': 'aggTrade', 'E': 1699269316812, 's': 'ETHUSDT', 'a': 953374410, 'p': '1895.26000000', 'q': '0.11390000', 'f': 1224526985, 'l': 1224526985, 'T': 1699269316812, 'm': False, 'M': True}
2023-11-06 16:45:16,713 - INFO - {'e': 'aggTrade', 'E': 1699269316812, 's': 'ETHUSDT', 'a': 953374410, 'p': '1895.26000000', 'q': '0.11390000', 'f': 1224526985, 'l': 1224526985, 'T': 1699269316812, 'm': False, 'M': True}
2023-11-06 16:45:18,766 - INFO - {'e': 'aggTrade', 'E': 1699269318882, 's': 'BTCUSDT', 'a': 2748548850, 'p': '35148.66000000', 'q': '0.00058000', 'f': 3270196761, 'l': 3270196761, 'T': 1699269318882, 'm': True, 'M': True}
2023-11-06 16:45:18,766 - INFO - {'e': 'aggTrade', 'E': 1699269318882, 's': 'BTCUSDT', 'a': 2748548850, 'p': '35148.66000000', 'q': '0.00058000', 'f': 3270196761, 'l': 3270196761, 'T': 1699269318882, 'm': True, 'M': True}
2023-11-06 16:45:20,815 - INFO - {'e': 'aggTrade', 'E': 1699269321000, 's': 'BTCUSDT', 'a': 2748548866, 'p': '35150.00000000', 'q': '0.03982000', 'f': 3270196781, 'l': 3270196783, 'T': 1699269320999, 'm': False, 'M': True}
2023-11-06 16:45:20,815 - INFO - {'e': 'aggTrade', 'E': 1699269321000, 's': 'BTCUSDT', 'a': 2748548866, 'p': '35150.00000000', 'q': '0.03982000', 'f': 3270196781, 'l': 3270196783, 'T': 1699269320999, 'm': False, 'M': True}
2023-11-06 16:45:22,884 - INFO - {'e': 'aggTrade', 'E': 1699269323112, 's': 'BTCUSDT', 'a': 2748548870, 'p': '35150.00000000', 'q': '0.00014000', 'f': 3270196787, 'l': 3270196787, 'T': 1699269323112, 'm': False, 'M': True}
2023-11-06 16:45:22,884 - INFO - {'e': 'aggTrade', 'E': 1699269323112, 's': 'BTCUSDT', 'a': 2748548870, 'p': '35150.00000000', 'q': '0.00014000', 'f': 3270196787, 'l': 3270196787, 'T': 1699269323112, 'm': False, 'M': True}
2023-11-06 16:45:24,933 - INFO - {'e': 'aggTrade', 'E': 1699269325126, 's': 'ETHUSDT', 'a': 953374430, 'p': '1895.38000000', 'q': '0.00950000', 'f': 1224527012, 'l': 1224527012, 'T': 1699269325125, 'm': False, 'M': True}
2023-11-06 16:45:24,933 - INFO - {'e': 'aggTrade', 'E': 1699269325126, 's': 'ETHUSDT', 'a': 953374430, 'p': '1895.38000000', 'q': '0.00950000', 'f': 1224527012, 'l': 1224527012, 'T': 1699269325125, 'm': False, 'M': True}
2023-11-06 16:45:26,987 - INFO - {'e': 'aggTrade', 'E': 1699269327016, 's': 'ETHUSDT', 'a': 953374433, 'p': '1895.38000000', 'q': '0.07290000', 'f': 1224527015, 'l': 1224527015, 'T': 1699269327015, 'm': False, 'M': True}
2023-11-06 16:45:26,987 - INFO - {'e': 'aggTrade', 'E': 1699269327016, 's': 'ETHUSDT', 'a': 953374433, 'p': '1895.38000000', 'q': '0.07290000', 'f': 1224527015, 'l': 1224527015, 'T': 1699269327015, 'm': False, 'M': True}
2023-11-06 16:45:29,043 - INFO - {'e': 'aggTrade', 'E': 1699269329101, 's': 'BTCUSDT', 'a': 2748548943, 'p': '35145.22000000', 'q': '0.23820000', 'f': 3270196883, 'l': 3270196883, 'T': 1699269329100, 'm': False, 'M': True}
2023-11-06 16:45:29,043 - INFO - {'e': 'aggTrade', 'E': 1699269329101, 's': 'BTCUSDT', 'a': 2748548943, 'p': '35145.22000000', 'q': '0.23820000', 'f': 3270196883, 'l': 3270196883, 'T': 1699269329100, 'm': False, 'M': True}
2023-11-06 16:45:31,099 - INFO - {'e': 'aggTrade', 'E': 1699269331222, 's': 'ETHUSDT', 'a': 953374442, 'p': '1895.37000000', 'q': '0.44810000', 'f': 1224527030, 'l': 1224527033, 'T': 1699269331221, 'm': True, 'M': True}
2023-11-06 16:45:31,099 - INFO - {'e': 'aggTrade', 'E': 1699269331222, 's': 'ETHUSDT', 'a': 953374442, 'p': '1895.37000000', 'q': '0.44810000', 'f': 1224527030, 'l': 1224527033, 'T': 1699269331221, 'm': True, 'M': True}
2023-11-06 16:45:33,151 - INFO - {'e': 'aggTrade', 'E': 1699269333154, 's': 'BTCUSDT', 'a': 2748548961, 'p': '35145.21000000', 'q': '0.01606000', 'f': 3270196903, 'l': 3270196903, 'T': 1699269333154, 'm': True, 'M': True}
2023-11-06 16:45:33,166 - INFO - {'e': 'aggTrade', 'E': 1699269333154, 's': 'BTCUSDT', 'a': 2748548961, 'p': '35145.21000000', 'q': '0.01606000', 'f': 3270196903, 'l': 3270196903, 'T': 1699269333154, 'm': True, 'M': True}
2023-11-06 16:45:35,216 - INFO - {'e': 'aggTrade', 'E': 1699269335357, 's': 'BTCUSDT', 'a': 2748548969, 'p': '35145.22000000', 'q': '0.00039000', 'f': 3270196913, 'l': 3270196913, 'T': 1699269335356, 'm': False, 'M': True}
2023-11-06 16:45:35,218 - INFO - {'e': 'aggTrade', 'E': 1699269335357, 's': 'BTCUSDT', 'a': 2748548969, 'p': '35145.22000000', 'q': '0.00039000', 'f': 3270196913, 'l': 3270196913, 'T': 1699269335356, 'm': False, 'M': True}
2023-11-06 16:45:37,266 - INFO - {'e': 'aggTrade', 'E': 1699269337538, 's': 'ETHUSDT', 'a': 953374454, 'p': '1895.36000000', 'q': '0.13500000', 'f': 1224527046, 'l': 1224527046, 'T': 1699269337538, 'm': True, 'M': True}
2023-11-06 16:45:37,269 - INFO - {'e': 'aggTrade', 'E': 1699269337538, 's': 'ETHUSDT', 'a': 953374454, 'p': '1895.36000000', 'q': '0.13500000', 'f': 1224527046, 'l': 1224527046, 'T': 1699269337538, 'm': True, 'M': True}
2023-11-06 16:45:39,305 - INFO - {'e': 'aggTrade', 'E': 1699269339510, 's': 'BTCUSDT', 'a': 2748548981, 'p': '35145.22000000', 'q': '0.00030000', 'f': 3270196926, 'l': 3270196926, 'T': 1699269339509, 'm': False, 'M': True}
2023-11-06 16:45:39,308 - INFO - {'e': 'aggTrade', 'E': 1699269339510, 's': 'BTCUSDT', 'a': 2748548981, 'p': '35145.22000000', 'q': '0.00030000', 'f': 3270196926, 'l': 3270196926, 'T': 1699269339509, 'm': False, 'M': True}
2023-11-06 16:45:41,353 - INFO - {'e': 'aggTrade', 'E': 1699269341415, 's': 'BTCUSDT', 'a': 2748548997, 'p': '35147.40000000', 'q': '0.00303000', 'f': 3270196950, 'l': 3270196950, 'T': 1699269341414, 'm': True, 'M': True}
2023-11-06 16:45:41,353 - INFO - {'e': 'aggTrade', 'E': 1699269341415, 's': 'BTCUSDT', 'a': 2748548997, 'p': '35147.40000000', 'q': '0.00303000', 'f': 3270196950, 'l': 3270196950, 'T': 1699269341414, 'm': True, 'M': True}
2023-11-06 16:45:43,418 - INFO - {'e': 'aggTrade', 'E': 1699269343475, 's': 'BTCUSDT', 'a': 2748549026, 'p': '35150.93000000', 'q': '0.00132000', 'f': 3270196984, 'l': 3270196984, 'T': 1699269343474, 'm': True, 'M': True}
2023-11-06 16:45:43,418 - INFO - {'e': 'aggTrade', 'E': 1699269343475, 's': 'BTCUSDT', 'a': 2748549026, 'p': '35150.93000000', 'q': '0.00132000', 'f': 3270196984, 'l': 3270196984, 'T': 1699269343474, 'm': True, 'M': True}
2023-11-06 16:45:45,491 - INFO - {'e': 'aggTrade', 'E': 1699269345721, 's': 'BTCUSDT', 'a': 2748549048, 'p': '35152.30000000', 'q': '0.00051000', 'f': 3270197008, 'l': 3270197008, 'T': 1699269345720, 'm': True, 'M': True}
2023-11-06 16:45:45,494 - INFO - {'e': 'aggTrade', 'E': 1699269345721, 's': 'BTCUSDT', 'a': 2748549048, 'p': '35152.30000000', 'q': '0.00051000', 'f': 3270197008, 'l': 3270197008, 'T': 1699269345720, 'm': True, 'M': True}
2023-11-06 16:45:47,547 - INFO - {'e': 'aggTrade', 'E': 1699269347800, 's': 'BTCUSDT', 'a': 2748549108, 'p': '35157.02000000', 'q': '0.01080000', 'f': 3270197077, 'l': 3270197077, 'T': 1699269347799, 'm': True, 'M': True}
2023-11-06 16:45:47,549 - INFO - {'e': 'aggTrade', 'E': 1699269347800, 's': 'BTCUSDT', 'a': 2748549108, 'p': '35157.02000000', 'q': '0.01080000', 'f': 3270197077, 'l': 3270197077, 'T': 1699269347799, 'm': True, 'M': True}
2023-11-06 16:45:49,612 - INFO - {'e': 'aggTrade', 'E': 1699269349811, 's': 'BTCUSDT', 'a': 2748549116, 'p': '35157.03000000', 'q': '0.11564000', 'f': 3270197085, 'l': 3270197085, 'T': 1699269349810, 'm': False, 'M': True}
2023-11-06 16:45:49,612 - INFO - {'e': 'aggTrade', 'E': 1699269349811, 's': 'BTCUSDT', 'a': 2748549116, 'p': '35157.03000000', 'q': '0.11564000', 'f': 3270197085, 'l': 3270197085, 'T': 1699269349810, 'm': False, 'M': True}
2023-11-06 16:45:51,648 - INFO - {'e': 'aggTrade', 'E': 1699269351874, 's': 'BTCUSDT', 'a': 2748549130, 'p': '35157.03000000', 'q': '0.00717000', 'f': 3270197100, 'l': 3270197100, 'T': 1699269351873, 'm': False, 'M': True}
2023-11-06 16:45:51,650 - INFO - {'e': 'aggTrade', 'E': 1699269351874, 's': 'BTCUSDT', 'a': 2748549130, 'p': '35157.03000000', 'q': '0.00717000', 'f': 3270197100, 'l': 3270197100, 'T': 1699269351873, 'm': False, 'M': True}
2023-11-06 16:45:53,682 - INFO - {'e': 'aggTrade', 'E': 1699269353804, 's': 'BTCUSDT', 'a': 2748549147, 'p': '35157.02000000', 'q': '0.01834000', 'f': 3270197117, 'l': 3270197117, 'T': 1699269353804, 'm': True, 'M': True}
2023-11-06 16:45:53,684 - INFO - {'e': 'aggTrade', 'E': 1699269353804, 's': 'BTCUSDT', 'a': 2748549147, 'p': '35157.02000000', 'q': '0.01834000', 'f': 3270197117, 'l': 3270197117, 'T': 1699269353804, 'm': True, 'M': True}
2023-11-06 16:45:55,714 - INFO - {'e': 'aggTrade', 'E': 1699269355284, 's': 'BTCUSDT', 'a': 2748549159, 'p': '35157.02000000', 'q': '0.00094000', 'f': 3270197129, 'l': 3270197129, 'T': 1699269355284, 'm': True, 'M': True}
2023-11-06 16:45:55,717 - INFO - {'e': 'aggTrade', 'E': 1699269355284, 's': 'BTCUSDT', 'a': 2748549159, 'p': '35157.02000000', 'q': '0.00094000', 'f': 3270197129, 'l': 3270197129, 'T': 1699269355284, 'm': True, 'M': True}
2023-11-06 16:45:57,743 - INFO - {'e': 'aggTrade', 'E': 1699269357645, 's': 'BTCUSDT', 'a': 2748549196, 'p': '35159.98000000', 'q': '0.00224000', 'f': 3270197167, 'l': 3270197167, 'T': 1699269357644, 'm': True, 'M': True}
2023-11-06 16:45:57,745 - INFO - {'e': 'aggTrade', 'E': 1699269357645, 's': 'BTCUSDT', 'a': 2748549196, 'p': '35159.98000000', 'q': '0.00224000', 'f': 3270197167, 'l': 3270197167, 'T': 1699269357644, 'm': True, 'M': True}
2023-11-06 16:45:59,805 - INFO - {'e': 'aggTrade', 'E': 1699269360020, 's': 'BTCUSDT', 'a': 2748549278, 'p': '35159.99000000', 'q': '0.00159000', 'f': 3270197250, 'l': 3270197250, 'T': 1699269360020, 'm': False, 'M': True}
2023-11-06 16:45:59,805 - INFO - {'e': 'aggTrade', 'E': 1699269360020, 's': 'BTCUSDT', 'a': 2748549278, 'p': '35159.99000000', 'q': '0.00159000', 'f': 3270197250, 'l': 3270197250, 'T': 1699269360020, 'm': False, 'M': True}
2023-11-06 16:46:01,883 - INFO - {'e': 'aggTrade', 'E': 1699269362089, 's': 'BTCUSDT', 'a': 2748549307, 'p': '35160.00000000', 'q': '0.00171000', 'f': 3270197282, 'l': 3270197285, 'T': 1699269362089, 'm': False, 'M': True}
2023-11-06 16:46:01,883 - INFO - {'e': 'aggTrade', 'E': 1699269362089, 's': 'BTCUSDT', 'a': 2748549307, 'p': '35160.00000000', 'q': '0.00171000', 'f': 3270197282, 'l': 3270197285, 'T': 1699269362089, 'm': False, 'M': True}
2023-11-06 16:46:03,945 - INFO - {'e': 'aggTrade', 'E': 1699269363966, 's': 'BTCUSDT', 'a': 2748549343, 'p': '35163.02000000', 'q': '0.00303000', 'f': 3270197328, 'l': 3270197328, 'T': 1699269363965, 'm': False, 'M': True}
2023-11-06 16:46:03,945 - INFO - {'e': 'aggTrade', 'E': 1699269363966, 's': 'BTCUSDT', 'a': 2748549343, 'p': '35163.02000000', 'q': '0.00303000', 'f': 3270197328, 'l': 3270197328, 'T': 1699269363965, 'm': False, 'M': True}
2023-11-06 16:46:06,022 - INFO - {'e': 'aggTrade', 'E': 1699269365620, 's': 'BTCUSDT', 'a': 2748549347, 'p': '35163.01000000', 'q': '0.00024000', 'f': 3270197345, 'l': 3270197345, 'T': 1699269365620, 'm': True, 'M': True}
2023-11-06 16:46:06,022 - INFO - {'e': 'aggTrade', 'E': 1699269365620, 's': 'BTCUSDT', 'a': 2748549347, 'p': '35163.01000000', 'q': '0.00024000', 'f': 3270197345, 'l': 3270197345, 'T': 1699269365620, 'm': True, 'M': True}
2023-11-06 16:46:08,084 - INFO - {'e': 'aggTrade', 'E': 1699269368303, 's': 'BTCUSDT', 'a': 2748549354, 'p': '35163.02000000', 'q': '0.00061000', 'f': 3270197355, 'l': 3270197355, 'T': 1699269368303, 'm': False, 'M': True}
2023-11-06 16:46:08,084 - INFO - {'e': 'aggTrade', 'E': 1699269368303, 's': 'BTCUSDT', 'a': 2748549354, 'p': '35163.02000000', 'q': '0.00061000', 'f': 3270197355, 'l': 3270197355, 'T': 1699269368303, 'm': False, 'M': True}
2023-11-06 16:46:10,139 - INFO - {'e': 'aggTrade', 'E': 1699269370389, 's': 'BTCUSDT', 'a': 2748549370, 'p': '35163.01000000', 'q': '0.00018000', 'f': 3270197372, 'l': 3270197372, 'T': 1699269370388, 'm': True, 'M': True}
2023-11-06 16:46:10,139 - INFO - {'e': 'aggTrade', 'E': 1699269370389, 's': 'BTCUSDT', 'a': 2748549370, 'p': '35163.01000000', 'q': '0.00018000', 'f': 3270197372, 'l': 3270197372, 'T': 1699269370388, 'm': True, 'M': True}
2023-11-06 16:46:12,198 - INFO - {'e': 'aggTrade', 'E': 1699269372442, 's': 'BTCUSDT', 'a': 2748549385, 'p': '35163.02000000', 'q': '0.02596000', 'f': 3270197394, 'l': 3270197394, 'T': 1699269372441, 'm': False, 'M': True}
2023-11-06 16:46:12,199 - INFO - {'e': 'aggTrade', 'E': 1699269372442, 's': 'BTCUSDT', 'a': 2748549385, 'p': '35163.02000000', 'q': '0.02596000', 'f': 3270197394, 'l': 3270197394, 'T': 1699269372441, 'm': False, 'M': True}
2023-11-06 16:46:14,243 - INFO - {'e': 'aggTrade', 'E': 1699269374417, 's': 'BTCUSDT', 'a': 2748549441, 'p': '35157.02000000', 'q': '0.02100000', 'f': 3270197479, 'l': 3270197479, 'T': 1699269374417, 'm': True, 'M': True}
2023-11-06 16:46:14,243 - INFO - {'e': 'aggTrade', 'E': 1699269374417, 's': 'BTCUSDT', 'a': 2748549441, 'p': '35157.02000000', 'q': '0.02100000', 'f': 3270197479, 'l': 3270197479, 'T': 1699269374417, 'm': True, 'M': True}
2023-11-06 16:46:16,297 - INFO - {'e': 'aggTrade', 'E': 1699269376308, 's': 'ETHUSDT', 'a': 953374650, 'p': '1895.37000000', 'q': '7.94390000', 'f': 1224527296, 'l': 1224527297, 'T': 1699269376308, 'm': False, 'M': True}
2023-11-06 16:46:16,297 - INFO - {'e': 'aggTrade', 'E': 1699269376308, 's': 'ETHUSDT', 'a': 953374650, 'p': '1895.37000000', 'q': '7.94390000', 'f': 1224527296, 'l': 1224527297, 'T': 1699269376308, 'm': False, 'M': True}
2023-11-06 16:46:18,354 - INFO - {'e': 'aggTrade', 'E': 1699269378607, 's': 'BTCUSDT', 'a': 2748549462, 'p': '35157.03000000', 'q': '0.05184000', 'f': 3270197502, 'l': 3270197502, 'T': 1699269378606, 'm': False, 'M': True}
2023-11-06 16:46:18,354 - INFO - {'e': 'aggTrade', 'E': 1699269378607, 's': 'BTCUSDT', 'a': 2748549462, 'p': '35157.03000000', 'q': '0.05184000', 'f': 3270197502, 'l': 3270197502, 'T': 1699269378606, 'm': False, 'M': True}
2023-11-06 16:46:20,428 - INFO - {'e': 'aggTrade', 'E': 1699269380581, 's': 'BTCUSDT', 'a': 2748549473, 'p': '35157.02000000', 'q': '0.01117000', 'f': 3270197519, 'l': 3270197519, 'T': 1699269380580, 'm': True, 'M': True}
2023-11-06 16:46:20,428 - INFO - {'e': 'aggTrade', 'E': 1699269380581, 's': 'BTCUSDT', 'a': 2748549473, 'p': '35157.02000000', 'q': '0.01117000', 'f': 3270197519, 'l': 3270197519, 'T': 1699269380580, 'm': True, 'M': True}
2023-11-06 16:46:22,458 - INFO - {'e': 'aggTrade', 'E': 1699269382474, 's': 'BTCUSDT', 'a': 2748549478, 'p': '35157.03000000', 'q': '0.01173000', 'f': 3270197526, 'l': 3270197526, 'T': 1699269382474, 'm': False, 'M': True}
2023-11-06 16:46:22,458 - INFO - {'e': 'aggTrade', 'E': 1699269382474, 's': 'BTCUSDT', 'a': 2748549478, 'p': '35157.03000000', 'q': '0.01173000', 'f': 3270197526, 'l': 3270197526, 'T': 1699269382474, 'm': False, 'M': True}
2023-11-06 16:46:24,531 - INFO - {'e': 'aggTrade', 'E': 1699269384640, 's': 'ETHUSDT', 'a': 953374675, 'p': '1895.50000000', 'q': '0.01540000', 'f': 1224527331, 'l': 1224527331, 'T': 1699269384639, 'm': False, 'M': True}
2023-11-06 16:46:24,531 - INFO - {'e': 'aggTrade', 'E': 1699269384640, 's': 'ETHUSDT', 'a': 953374675, 'p': '1895.50000000', 'q': '0.01540000', 'f': 1224527331, 'l': 1224527331, 'T': 1699269384639, 'm': False, 'M': True}
2023-11-06 16:46:26,620 - INFO - {'e': 'aggTrade', 'E': 1699269386866, 's': 'BTCUSDT', 'a': 2748549506, 'p': '35157.03000000', 'q': '0.00025000', 'f': 3270197555, 'l': 3270197555, 'T': 1699269386866, 'm': False, 'M': True}
2023-11-06 16:46:26,620 - INFO - {'e': 'aggTrade', 'E': 1699269386866, 's': 'BTCUSDT', 'a': 2748549506, 'p': '35157.03000000', 'q': '0.00025000', 'f': 3270197555, 'l': 3270197555, 'T': 1699269386866, 'm': False, 'M': True}
2023-11-06 16:46:28,682 - INFO - {'e': 'aggTrade', 'E': 1699269388971, 's': 'BTCUSDT', 'a': 2748549522, 'p': '35160.16000000', 'q': '0.00028000', 'f': 3270197602, 'l': 3270197602, 'T': 1699269388970, 'm': True, 'M': True}
2023-11-06 16:46:28,682 - INFO - {'e': 'aggTrade', 'E': 1699269388971, 's': 'BTCUSDT', 'a': 2748549522, 'p': '35160.16000000', 'q': '0.00028000', 'f': 3270197602, 'l': 3270197602, 'T': 1699269388970, 'm': True, 'M': True}
2023-11-06 16:46:30,760 - INFO - {'e': 'aggTrade', 'E': 1699269390906, 's': 'ETHUSDT', 'a': 953374703, 'p': '1895.54000000', 'q': '0.01500000', 'f': 1224527379, 'l': 1224527379, 'T': 1699269390905, 'm': False, 'M': True}
2023-11-06 16:46:30,760 - INFO - {'e': 'aggTrade', 'E': 1699269390906, 's': 'ETHUSDT', 'a': 953374703, 'p': '1895.54000000', 'q': '0.01500000', 'f': 1224527379, 'l': 1224527379, 'T': 1699269390905, 'm': False, 'M': True}
2023-11-06 16:46:32,822 - INFO - {'e': 'aggTrade', 'E': 1699269393099, 's': 'ETHUSDT', 'a': 953374720, 'p': '1895.36000000', 'q': '0.11100000', 'f': 1224527397, 'l': 1224527397, 'T': 1699269393099, 'm': True, 'M': True}
2023-11-06 16:46:32,822 - INFO - {'e': 'aggTrade', 'E': 1699269393099, 's': 'ETHUSDT', 'a': 953374720, 'p': '1895.36000000', 'q': '0.11100000', 'f': 1224527397, 'l': 1224527397, 'T': 1699269393099, 'm': True, 'M': True}
2023-11-06 16:46:34,915 - INFO - {'e': 'aggTrade', 'E': 1699269395127, 's': 'BTCUSDT', 'a': 2748549559, 'p': '35160.17000000', 'q': '0.00385000', 'f': 3270197654, 'l': 3270197654, 'T': 1699269395126, 'm': False, 'M': True}
2023-11-06 16:46:34,915 - INFO - {'e': 'aggTrade', 'E': 1699269395127, 's': 'BTCUSDT', 'a': 2748549559, 'p': '35160.17000000', 'q': '0.00385000', 'f': 3270197654, 'l': 3270197654, 'T': 1699269395126, 'm': False, 'M': True}
2023-11-06 16:46:36,972 - INFO - {'e': 'aggTrade', 'E': 1699269397237, 's': 'BTCUSDT', 'a': 2748549567, 'p': '35160.17000000', 'q': '0.00200000', 'f': 3270197662, 'l': 3270197662, 'T': 1699269397236, 'm': False, 'M': True}
2023-11-06 16:46:36,975 - INFO - {'e': 'aggTrade', 'E': 1699269397237, 's': 'BTCUSDT', 'a': 2748549567, 'p': '35160.17000000', 'q': '0.00200000', 'f': 3270197662, 'l': 3270197662, 'T': 1699269397236, 'm': False, 'M': True}
2023-11-06 16:46:39,042 - INFO - {'e': 'aggTrade', 'E': 1699269399233, 's': 'BTCUSDT', 'a': 2748549583, 'p': '35160.17000000', 'q': '0.00306000', 'f': 3270197680, 'l': 3270197680, 'T': 1699269399232, 'm': False, 'M': True}
2023-11-06 16:46:39,042 - INFO - {'e': 'aggTrade', 'E': 1699269399233, 's': 'BTCUSDT', 'a': 2748549583, 'p': '35160.17000000', 'q': '0.00306000', 'f': 3270197680, 'l': 3270197680, 'T': 1699269399232, 'm': False, 'M': True}
2023-11-06 16:46:41,064 - INFO - {'e': 'aggTrade', 'E': 1699269401211, 's': 'BTCUSDT', 'a': 2748549595, 'p': '35160.16000000', 'q': '0.02099000', 'f': 3270197692, 'l': 3270197692, 'T': 1699269401210, 'm': True, 'M': True}
2023-11-06 16:46:41,064 - INFO - {'e': 'aggTrade', 'E': 1699269401211, 's': 'BTCUSDT', 'a': 2748549595, 'p': '35160.16000000', 'q': '0.02099000', 'f': 3270197692, 'l': 3270197692, 'T': 1699269401210, 'm': True, 'M': True}
2023-11-06 16:46:43,144 - INFO - {'e': 'aggTrade', 'E': 1699269403223, 's': 'BTCUSDT', 'a': 2748549606, 'p': '35160.16000000', 'q': '0.00745000', 'f': 3270197703, 'l': 3270197704, 'T': 1699269403222, 'm': True, 'M': True}
2023-11-06 16:46:43,144 - INFO - {'e': 'aggTrade', 'E': 1699269403223, 's': 'BTCUSDT', 'a': 2748549606, 'p': '35160.16000000', 'q': '0.00745000', 'f': 3270197703, 'l': 3270197704, 'T': 1699269403222, 'm': True, 'M': True}
2023-11-06 16:46:45,184 - INFO - {'e': 'aggTrade', 'E': 1699269405371, 's': 'ETHUSDT', 'a': 953374752, 'p': '1895.36000000', 'q': '0.02980000', 'f': 1224527429, 'l': 1224527429, 'T': 1699269405370, 'm': True, 'M': True}
2023-11-06 16:46:45,184 - INFO - {'e': 'aggTrade', 'E': 1699269405371, 's': 'ETHUSDT', 'a': 953374752, 'p': '1895.36000000', 'q': '0.02980000', 'f': 1224527429, 'l': 1224527429, 'T': 1699269405370, 'm': True, 'M': True}
2023-11-06 16:46:47,224 - INFO - {'e': 'aggTrade', 'E': 1699269407266, 's': 'BTCUSDT', 'a': 2748549624, 'p': '35160.16000000', 'q': '0.00057000', 'f': 3270197725, 'l': 3270197725, 'T': 1699269407266, 'm': True, 'M': True}
2023-11-06 16:46:47,224 - INFO - {'e': 'aggTrade', 'E': 1699269407266, 's': 'BTCUSDT', 'a': 2748549624, 'p': '35160.16000000', 'q': '0.00057000', 'f': 3270197725, 'l': 3270197725, 'T': 1699269407266, 'm': True, 'M': True}
2023-11-06 16:46:49,305 - INFO - {'e': 'aggTrade', 'E': 1699269409390, 's': 'BTCUSDT', 'a': 2748549630, 'p': '35160.16000000', 'q': '0.02789000', 'f': 3270197731, 'l': 3270197731, 'T': 1699269409389, 'm': True, 'M': True}
2023-11-06 16:46:49,310 - INFO - {'e': 'aggTrade', 'E': 1699269409390, 's': 'BTCUSDT', 'a': 2748549630, 'p': '35160.16000000', 'q': '0.02789000', 'f': 3270197731, 'l': 3270197731, 'T': 1699269409389, 'm': True, 'M': True}
2023-11-06 16:46:51,354 - INFO - {'e': 'aggTrade', 'E': 1699269411633, 's': 'BTCUSDT', 'a': 2748549635, 'p': '35160.16000000', 'q': '0.00027000', 'f': 3270197738, 'l': 3270197738, 'T': 1699269411632, 'm': True, 'M': True}
2023-11-06 16:46:51,354 - INFO - {'e': 'aggTrade', 'E': 1699269411633, 's': 'BTCUSDT', 'a': 2748549635, 'p': '35160.16000000', 'q': '0.00027000', 'f': 3270197738, 'l': 3270197738, 'T': 1699269411632, 'm': True, 'M': True}
2023-11-06 16:46:53,391 - INFO - {'e': 'aggTrade', 'E': 1699269413509, 's': 'ETHUSDT', 'a': 953374765, 'p': '1895.37000000', 'q': '1.27030000', 'f': 1224527443, 'l': 1224527446, 'T': 1699269413508, 'm': False, 'M': True}
2023-11-06 16:46:53,398 - INFO - {'e': 'aggTrade', 'E': 1699269413509, 's': 'ETHUSDT', 'a': 953374765, 'p': '1895.37000000', 'q': '1.27030000', 'f': 1224527443, 'l': 1224527446, 'T': 1699269413508, 'm': False, 'M': True}
2023-11-06 16:46:55,430 - INFO - {'e': 'aggTrade', 'E': 1699269415576, 's': 'ETHUSDT', 'a': 953374767, 'p': '1895.36000000', 'q': '0.00840000', 'f': 1224527448, 'l': 1224527448, 'T': 1699269415575, 'm': True, 'M': True}
2023-11-06 16:46:55,432 - INFO - {'e': 'aggTrade', 'E': 1699269415576, 's': 'ETHUSDT', 'a': 953374767, 'p': '1895.36000000', 'q': '0.00840000', 'f': 1224527448, 'l': 1224527448, 'T': 1699269415575, 'm': True, 'M': True}
2023-11-06 16:46:57,465 - INFO - {'e': 'aggTrade', 'E': 1699269417725, 's': 'BTCUSDT', 'a': 2748549660, 'p': '35159.30000000', 'q': '0.01106000', 'f': 3270197815, 'l': 3270197816, 'T': 1699269417725, 'm': False, 'M': True}
2023-11-06 16:46:57,465 - INFO - {'e': 'aggTrade', 'E': 1699269417725, 's': 'BTCUSDT', 'a': 2748549660, 'p': '35159.30000000', 'q': '0.01106000', 'f': 3270197815, 'l': 3270197816, 'T': 1699269417725, 'm': False, 'M': True}
2023-11-06 16:46:59,523 - INFO - {'e': 'aggTrade', 'E': 1699269419362, 's': 'ETHUSDT', 'a': 953374773, 'p': '1895.36000000', 'q': '0.08200000', 'f': 1224527454, 'l': 1224527454, 'T': 1699269419361, 'm': True, 'M': True}
2023-11-06 16:46:59,523 - INFO - {'e': 'aggTrade', 'E': 1699269419362, 's': 'ETHUSDT', 'a': 953374773, 'p': '1895.36000000', 'q': '0.08200000', 'f': 1224527454, 'l': 1224527454, 'T': 1699269419361, 'm': True, 'M': True}
2023-11-06 16:47:01,560 - INFO - {'e': 'aggTrade', 'E': 1699269421679, 's': 'BTCUSDT', 'a': 2748549768, 'p': '35161.63000000', 'q': '0.00141000', 'f': 3270197936, 'l': 3270197936, 'T': 1699269421678, 'm': True, 'M': True}
2023-11-06 16:47:01,560 - INFO - {'e': 'aggTrade', 'E': 1699269421679, 's': 'BTCUSDT', 'a': 2748549768, 'p': '35161.63000000', 'q': '0.00141000', 'f': 3270197936, 'l': 3270197936, 'T': 1699269421678, 'm': True, 'M': True}
2023-11-06 16:47:03,630 - INFO - {'e': 'aggTrade', 'E': 1699269423854, 's': 'BTCUSDT', 'a': 2748549775, 'p': '35161.64000000', 'q': '0.00026000', 'f': 3270197943, 'l': 3270197943, 'T': 1699269423853, 'm': False, 'M': True}
2023-11-06 16:47:03,632 - INFO - {'e': 'aggTrade', 'E': 1699269423854, 's': 'BTCUSDT', 'a': 2748549775, 'p': '35161.64000000', 'q': '0.00026000', 'f': 3270197943, 'l': 3270197943, 'T': 1699269423853, 'm': False, 'M': True}
2023-11-06 16:47:05,679 - INFO - {'e': 'aggTrade', 'E': 1699269425948, 's': 'ETHUSDT', 'a': 953374884, 'p': '1895.78000000', 'q': '0.00580000', 'f': 1224527583, 'l': 1224527583, 'T': 1699269425947, 'm': False, 'M': True}
2023-11-06 16:47:05,679 - INFO - {'e': 'aggTrade', 'E': 1699269425948, 's': 'ETHUSDT', 'a': 953374884, 'p': '1895.78000000', 'q': '0.00580000', 'f': 1224527583, 'l': 1224527583, 'T': 1699269425947, 'm': False, 'M': True}
2023-11-06 16:47:07,746 - INFO - {'e': 'aggTrade', 'E': 1699269427663, 's': 'ETHUSDT', 'a': 953374908, 'p': '1895.99000000', 'q': '0.33070000', 'f': 1224527619, 'l': 1224527619, 'T': 1699269427662, 'm': True, 'M': True}
2023-11-06 16:47:07,746 - INFO - {'e': 'aggTrade', 'E': 1699269427663, 's': 'ETHUSDT', 'a': 953374908, 'p': '1895.99000000', 'q': '0.33070000', 'f': 1224527619, 'l': 1224527619, 'T': 1699269427662, 'm': True, 'M': True}
2023-11-06 16:47:09,812 - INFO - {'e': 'aggTrade', 'E': 1699269429674, 's': 'ETHUSDT', 'a': 953374913, 'p': '1896.00000000', 'q': '0.10890000', 'f': 1224527624, 'l': 1224527624, 'T': 1699269429673, 'm': False, 'M': True}
2023-11-06 16:47:09,814 - INFO - {'e': 'aggTrade', 'E': 1699269429674, 's': 'ETHUSDT', 'a': 953374913, 'p': '1896.00000000', 'q': '0.10890000', 'f': 1224527624, 'l': 1224527624, 'T': 1699269429673, 'm': False, 'M': True}
2023-11-06 16:47:11,859 - INFO - {'e': 'aggTrade', 'E': 1699269432036, 's': 'BTCUSDT', 'a': 2748549834, 'p': '35161.92000000', 'q': '0.00030000', 'f': 3270198036, 'l': 3270198036, 'T': 1699269432035, 'm': False, 'M': True}
2023-11-06 16:47:11,862 - INFO - {'e': 'aggTrade', 'E': 1699269432036, 's': 'BTCUSDT', 'a': 2748549834, 'p': '35161.92000000', 'q': '0.00030000', 'f': 3270198036, 'l': 3270198036, 'T': 1699269432035, 'm': False, 'M': True}
2023-11-06 16:47:13,944 - INFO - {'e': 'aggTrade', 'E': 1699269434186, 's': 'ETHUSDT', 'a': 953374926, 'p': '1896.00000000', 'q': '0.02980000', 'f': 1224527638, 'l': 1224527638, 'T': 1699269434185, 'm': False, 'M': True}
2023-11-06 16:47:13,948 - INFO - {'e': 'aggTrade', 'E': 1699269434186, 's': 'ETHUSDT', 'a': 953374926, 'p': '1896.00000000', 'q': '0.02980000', 'f': 1224527638, 'l': 1224527638, 'T': 1699269434185, 'm': False, 'M': True}
2023-11-06 16:47:16,018 - INFO - {'e': 'aggTrade', 'E': 1699269436207, 's': 'BTCUSDT', 'a': 2748549856, 'p': '35161.92000000', 'q': '0.00125000', 'f': 3270198065, 'l': 3270198065, 'T': 1699269436207, 'm': False, 'M': True}
2023-11-06 16:47:16,026 - INFO - {'e': 'aggTrade', 'E': 1699269436207, 's': 'BTCUSDT', 'a': 2748549856, 'p': '35161.92000000', 'q': '0.00125000', 'f': 3270198065, 'l': 3270198065, 'T': 1699269436207, 'm': False, 'M': True}
2023-11-06 16:47:18,082 - INFO - {'e': 'aggTrade', 'E': 1699269438272, 's': 'ETHUSDT', 'a': 953374939, 'p': '1895.81000000', 'q': '0.02640000', 'f': 1224527661, 'l': 1224527661, 'T': 1699269438272, 'm': False, 'M': True}
2023-11-06 16:47:18,088 - INFO - {'e': 'aggTrade', 'E': 1699269438272, 's': 'ETHUSDT', 'a': 953374939, 'p': '1895.81000000', 'q': '0.02640000', 'f': 1224527661, 'l': 1224527661, 'T': 1699269438272, 'm': False, 'M': True}
2023-11-06 16:47:20,119 - INFO - {'e': 'aggTrade', 'E': 1699269440175, 's': 'BTCUSDT', 'a': 2748549871, 'p': '35161.92000000', 'q': '0.00077000', 'f': 3270198084, 'l': 3270198084, 'T': 1699269440174, 'm': False, 'M': True}
2023-11-06 16:47:20,123 - INFO - {'e': 'aggTrade', 'E': 1699269440175, 's': 'BTCUSDT', 'a': 2748549871, 'p': '35161.92000000', 'q': '0.00077000', 'f': 3270198084, 'l': 3270198084, 'T': 1699269440174, 'm': False, 'M': True}
2023-11-06 16:47:22,172 - INFO - {'e': 'aggTrade', 'E': 1699269441885, 's': 'BTCUSDT', 'a': 2748549879, 'p': '35161.91000000', 'q': '0.00177000', 'f': 3270198093, 'l': 3270198093, 'T': 1699269441884, 'm': True, 'M': True}
2023-11-06 16:47:22,176 - INFO - {'e': 'aggTrade', 'E': 1699269441885, 's': 'BTCUSDT', 'a': 2748549879, 'p': '35161.91000000', 'q': '0.00177000', 'f': 3270198093, 'l': 3270198093, 'T': 1699269441884, 'm': True, 'M': True}
2023-11-06 16:47:24,214 - INFO - {'e': 'aggTrade', 'E': 1699269444232, 's': 'BTCUSDT', 'a': 2748549885, 'p': '35161.92000000', 'q': '0.73823000', 'f': 3270198099, 'l': 3270198107, 'T': 1699269444231, 'm': False, 'M': True}
2023-11-06 16:47:24,214 - INFO - {'e': 'aggTrade', 'E': 1699269444232, 's': 'BTCUSDT', 'a': 2748549885, 'p': '35161.92000000', 'q': '0.73823000', 'f': 3270198099, 'l': 3270198107, 'T': 1699269444231, 'm': False, 'M': True}
2023-11-06 16:47:26,264 - INFO - {'e': 'aggTrade', 'E': 1699269446193, 's': 'BTCUSDT', 'a': 2748549898, 'p': '35162.37000000', 'q': '0.00806000', 'f': 3270198122, 'l': 3270198122, 'T': 1699269446192, 'm': False, 'M': True}
2023-11-06 16:47:26,272 - INFO - {'e': 'aggTrade', 'E': 1699269446193, 's': 'BTCUSDT', 'a': 2748549898, 'p': '35162.37000000', 'q': '0.00806000', 'f': 3270198122, 'l': 3270198122, 'T': 1699269446192, 'm': False, 'M': True}
2023-11-06 16:47:28,322 - INFO - {'e': 'aggTrade', 'E': 1699269448261, 's': 'BTCUSDT', 'a': 2748549976, 'p': '35168.96000000', 'q': '0.02687000', 'f': 3270198225, 'l': 3270198225, 'T': 1699269448260, 'm': True, 'M': True}
2023-11-06 16:47:28,322 - INFO - {'e': 'aggTrade', 'E': 1699269448261, 's': 'BTCUSDT', 'a': 2748549976, 'p': '35168.96000000', 'q': '0.02687000', 'f': 3270198225, 'l': 3270198225, 'T': 1699269448260, 'm': True, 'M': True}
2023-11-06 16:47:30,340 - INFO - {'e': 'aggTrade', 'E': 1699269450589, 's': 'BTCUSDT', 'a': 2748549989, 'p': '35168.97000000', 'q': '0.01419000', 'f': 3270198239, 'l': 3270198239, 'T': 1699269450588, 'm': False, 'M': True}
2023-11-06 16:47:30,348 - INFO - {'e': 'aggTrade', 'E': 1699269450589, 's': 'BTCUSDT', 'a': 2748549989, 'p': '35168.97000000', 'q': '0.01419000', 'f': 3270198239, 'l': 3270198239, 'T': 1699269450588, 'm': False, 'M': True}
2023-11-06 16:47:32,388 - INFO - {'e': 'aggTrade', 'E': 1699269452425, 's': 'ETHUSDT', 'a': 953374980, 'p': '1896.19000000', 'q': '0.19510000', 'f': 1224527720, 'l': 1224527721, 'T': 1699269452425, 'm': True, 'M': True}
2023-11-06 16:47:32,388 - INFO - {'e': 'aggTrade', 'E': 1699269452425, 's': 'ETHUSDT', 'a': 953374980, 'p': '1896.19000000', 'q': '0.19510000', 'f': 1224527720, 'l': 1224527721, 'T': 1699269452425, 'm': True, 'M': True}
2023-11-06 16:47:34,438 - INFO - {'e': 'aggTrade', 'E': 1699269454604, 's': 'ETHUSDT', 'a': 953375139, 'p': '1896.16000000', 'q': '0.00480000', 'f': 1224528022, 'l': 1224528022, 'T': 1699269454603, 'm': False, 'M': True}
2023-11-06 16:47:34,444 - INFO - {'e': 'aggTrade', 'E': 1699269454604, 's': 'ETHUSDT', 'a': 953375139, 'p': '1896.16000000', 'q': '0.00480000', 'f': 1224528022, 'l': 1224528022, 'T': 1699269454603, 'm': False, 'M': True}
2023-11-06 16:47:36,504 - INFO - {'e': 'aggTrade', 'E': 1699269456412, 's': 'ETHUSDT', 'a': 953375150, 'p': '1896.61000000', 'q': '0.00400000', 'f': 1224528037, 'l': 1224528037, 'T': 1699269456411, 'm': False, 'M': True}
2023-11-06 16:47:36,504 - INFO - {'e': 'aggTrade', 'E': 1699269456412, 's': 'ETHUSDT', 'a': 953375150, 'p': '1896.61000000', 'q': '0.00400000', 'f': 1224528037, 'l': 1224528037, 'T': 1699269456411, 'm': False, 'M': True}
2023-11-06 16:47:38,562 - INFO - {'e': 'aggTrade', 'E': 1699269458583, 's': 'BTCUSDT', 'a': 2748550064, 'p': '35172.11000000', 'q': '0.00017000', 'f': 3270198339, 'l': 3270198339, 'T': 1699269458582, 'm': False, 'M': True}
2023-11-06 16:47:38,564 - INFO - {'e': 'aggTrade', 'E': 1699269458583, 's': 'BTCUSDT', 'a': 2748550064, 'p': '35172.11000000', 'q': '0.00017000', 'f': 3270198339, 'l': 3270198339, 'T': 1699269458582, 'm': False, 'M': True}
2023-11-06 16:47:40,619 - INFO - {'e': 'aggTrade', 'E': 1699269460442, 's': 'BTCUSDT', 'a': 2748550089, 'p': '35174.02000000', 'q': '0.16590000', 'f': 3270198369, 'l': 3270198369, 'T': 1699269460442, 'm': False, 'M': True}
2023-11-06 16:47:40,625 - INFO - {'e': 'aggTrade', 'E': 1699269460442, 's': 'BTCUSDT', 'a': 2748550089, 'p': '35174.02000000', 'q': '0.16590000', 'f': 3270198369, 'l': 3270198369, 'T': 1699269460442, 'm': False, 'M': True}
2023-11-06 16:47:42,664 - INFO - {'e': 'aggTrade', 'E': 1699269462484, 's': 'BTCUSDT', 'a': 2748550105, 'p': '35174.69000000', 'q': '0.00120000', 'f': 3270198390, 'l': 3270198391, 'T': 1699269462483, 'm': False, 'M': True}
2023-11-06 16:47:42,668 - INFO - {'e': 'aggTrade', 'E': 1699269462484, 's': 'BTCUSDT', 'a': 2748550105, 'p': '35174.69000000', 'q': '0.00120000', 'f': 3270198390, 'l': 3270198391, 'T': 1699269462483, 'm': False, 'M': True}
2023-11-06 16:47:44,701 - INFO - {'e': 'aggTrade', 'E': 1699269464666, 's': 'ETHUSDT', 'a': 953375177, 'p': '1896.85000000', 'q': '0.09130000', 'f': 1224528073, 'l': 1224528076, 'T': 1699269464666, 'm': False, 'M': True}
2023-11-06 16:47:44,701 - INFO - {'e': 'aggTrade', 'E': 1699269464666, 's': 'ETHUSDT', 'a': 953375177, 'p': '1896.85000000', 'q': '0.09130000', 'f': 1224528073, 'l': 1224528076, 'T': 1699269464666, 'm': False, 'M': True}
2023-11-06 16:47:46,742 - INFO - {'e': 'aggTrade', 'E': 1699269466590, 's': 'BTCUSDT', 'a': 2748550125, 'p': '35175.54000000', 'q': '0.00368000', 'f': 3270198416, 'l': 3270198416, 'T': 1699269466588, 'm': False, 'M': True}
2023-11-06 16:47:46,742 - INFO - {'e': 'aggTrade', 'E': 1699269466590, 's': 'BTCUSDT', 'a': 2748550125, 'p': '35175.54000000', 'q': '0.00368000', 'f': 3270198416, 'l': 3270198416, 'T': 1699269466588, 'm': False, 'M': True}
2023-11-06 16:47:48,808 - INFO - {'e': 'aggTrade', 'E': 1699269468784, 's': 'BTCUSDT', 'a': 2748550138, 'p': '35175.56000000', 'q': '0.00190000', 'f': 3270198431, 'l': 3270198431, 'T': 1699269468783, 'm': True, 'M': True}
2023-11-06 16:47:48,808 - INFO - {'e': 'aggTrade', 'E': 1699269468784, 's': 'BTCUSDT', 'a': 2748550138, 'p': '35175.56000000', 'q': '0.00190000', 'f': 3270198431, 'l': 3270198431, 'T': 1699269468783, 'm': True, 'M': True}
2023-11-06 16:47:50,862 - INFO - {'e': 'aggTrade', 'E': 1699269470893, 's': 'BTCUSDT', 'a': 2748550152, 'p': '35176.12000000', 'q': '0.00060000', 'f': 3270198452, 'l': 3270198452, 'T': 1699269470891, 'm': False, 'M': True}
2023-11-06 16:47:50,868 - INFO - {'e': 'aggTrade', 'E': 1699269470893, 's': 'BTCUSDT', 'a': 2748550152, 'p': '35176.12000000', 'q': '0.00060000', 'f': 3270198452, 'l': 3270198452, 'T': 1699269470891, 'm': False, 'M': True}
2023-11-06 16:47:52,933 - INFO - {'e': 'aggTrade', 'E': 1699269473112, 's': 'BTCUSDT', 'a': 2748550189, 'p': '35178.59000000', 'q': '0.00130000', 'f': 3270198493, 'l': 3270198493, 'T': 1699269473112, 'm': False, 'M': True}
2023-11-06 16:47:52,936 - INFO - {'e': 'aggTrade', 'E': 1699269473112, 's': 'BTCUSDT', 'a': 2748550189, 'p': '35178.59000000', 'q': '0.00130000', 'f': 3270198493, 'l': 3270198493, 'T': 1699269473112, 'm': False, 'M': True}
2023-11-06 16:47:55,000 - INFO - {'e': 'aggTrade', 'E': 1699269475152, 's': 'BTCUSDT', 'a': 2748550205, 'p': '35178.59000000', 'q': '0.00088000', 'f': 3270198509, 'l': 3270198509, 'T': 1699269475152, 'm': False, 'M': True}
2023-11-06 16:47:55,000 - INFO - {'e': 'aggTrade', 'E': 1699269475152, 's': 'BTCUSDT', 'a': 2748550205, 'p': '35178.59000000', 'q': '0.00088000', 'f': 3270198509, 'l': 3270198509, 'T': 1699269475152, 'm': False, 'M': True}
2023-11-06 16:47:57,048 - INFO - {'e': 'aggTrade', 'E': 1699269477324, 's': 'BTCUSDT', 'a': 2748550226, 'p': '35179.14000000', 'q': '0.00084000', 'f': 3270198540, 'l': 3270198540, 'T': 1699269477323, 'm': False, 'M': True}
2023-11-06 16:47:57,054 - INFO - {'e': 'aggTrade', 'E': 1699269477324, 's': 'BTCUSDT', 'a': 2748550226, 'p': '35179.14000000', 'q': '0.00084000', 'f': 3270198540, 'l': 3270198540, 'T': 1699269477323, 'm': False, 'M': True}
2023-11-06 16:47:59,122 - INFO - {'e': 'aggTrade', 'E': 1699269479247, 's': 'ETHUSDT', 'a': 953375244, 'p': '1896.66000000', 'q': '0.11700000', 'f': 1224528179, 'l': 1224528179, 'T': 1699269479246, 'm': False, 'M': True}
2023-11-06 16:47:59,122 - INFO - {'e': 'aggTrade', 'E': 1699269479247, 's': 'ETHUSDT', 'a': 953375244, 'p': '1896.66000000', 'q': '0.11700000', 'f': 1224528179, 'l': 1224528179, 'T': 1699269479246, 'm': False, 'M': True}
2023-11-06 16:48:01,170 - INFO - {'e': 'aggTrade', 'E': 1699269481437, 's': 'ETHUSDT', 'a': 953375341, 'p': '1896.28000000', 'q': '0.01930000', 'f': 1224528287, 'l': 1224528287, 'T': 1699269481436, 'm': True, 'M': True}
2023-11-06 16:48:01,180 - INFO - {'e': 'aggTrade', 'E': 1699269481437, 's': 'ETHUSDT', 'a': 953375341, 'p': '1896.28000000', 'q': '0.01930000', 'f': 1224528287, 'l': 1224528287, 'T': 1699269481436, 'm': True, 'M': True}
2023-11-06 16:48:03,245 - INFO - {'e': 'aggTrade', 'E': 1699269483327, 's': 'BTCUSDT', 'a': 2748550334, 'p': '35176.76000000', 'q': '0.00043000', 'f': 3270198671, 'l': 3270198671, 'T': 1699269483326, 'm': True, 'M': True}
2023-11-06 16:48:03,245 - INFO - {'e': 'aggTrade', 'E': 1699269483327, 's': 'BTCUSDT', 'a': 2748550334, 'p': '35176.76000000', 'q': '0.00043000', 'f': 3270198671, 'l': 3270198671, 'T': 1699269483326, 'm': True, 'M': True}
2023-11-06 16:48:05,281 - INFO - {'e': 'aggTrade', 'E': 1699269485493, 's': 'ETHUSDT', 'a': 953375376, 'p': '1895.80000000', 'q': '0.71410000', 'f': 1224528341, 'l': 1224528341, 'T': 1699269485492, 'm': True, 'M': True}
2023-11-06 16:48:05,284 - INFO - {'e': 'aggTrade', 'E': 1699269485493, 's': 'ETHUSDT', 'a': 953375376, 'p': '1895.80000000', 'q': '0.71410000', 'f': 1224528341, 'l': 1224528341, 'T': 1699269485492, 'm': True, 'M': True}
2023-11-06 16:48:07,318 - INFO - {'e': 'aggTrade', 'E': 1699269487491, 's': 'BTCUSDT', 'a': 2748550384, 'p': '35171.62000000', 'q': '0.00025000', 'f': 3270198740, 'l': 3270198740, 'T': 1699269487490, 'm': False, 'M': True}
2023-11-06 16:48:07,322 - INFO - {'e': 'aggTrade', 'E': 1699269487491, 's': 'BTCUSDT', 'a': 2748550384, 'p': '35171.62000000', 'q': '0.00025000', 'f': 3270198740, 'l': 3270198740, 'T': 1699269487490, 'm': False, 'M': True}
2023-11-06 16:48:09,372 - INFO - {'e': 'aggTrade', 'E': 1699269489319, 's': 'BTCUSDT', 'a': 2748550441, 'p': '35166.21000000', 'q': '0.00229000', 'f': 3270198802, 'l': 3270198802, 'T': 1699269489319, 'm': True, 'M': True}
2023-11-06 16:48:09,373 - INFO - {'e': 'aggTrade', 'E': 1699269489319, 's': 'BTCUSDT', 'a': 2748550441, 'p': '35166.21000000', 'q': '0.00229000', 'f': 3270198802, 'l': 3270198802, 'T': 1699269489319, 'm': True, 'M': True}
2023-11-06 16:48:11,417 - INFO - {'e': 'aggTrade', 'E': 1699269491532, 's': 'ETHUSDT', 'a': 953375398, 'p': '1895.75000000', 'q': '0.01490000', 'f': 1224528371, 'l': 1224528371, 'T': 1699269491531, 'm': False, 'M': True}
2023-11-06 16:48:11,427 - INFO - {'e': 'aggTrade', 'E': 1699269491532, 's': 'ETHUSDT', 'a': 953375398, 'p': '1895.75000000', 'q': '0.01490000', 'f': 1224528371, 'l': 1224528371, 'T': 1699269491531, 'm': False, 'M': True}
2023-11-06 16:48:13,483 - INFO - {'e': 'aggTrade', 'E': 1699269493343, 's': 'ETHUSDT', 'a': 953375407, 'p': '1895.79000000', 'q': '0.02040000', 'f': 1224528386, 'l': 1224528386, 'T': 1699269493342, 'm': True, 'M': True}
2023-11-06 16:48:13,483 - INFO - {'e': 'aggTrade', 'E': 1699269493343, 's': 'ETHUSDT', 'a': 953375407, 'p': '1895.79000000', 'q': '0.02040000', 'f': 1224528386, 'l': 1224528386, 'T': 1699269493342, 'm': True, 'M': True}
2023-11-06 16:48:15,550 - INFO - {'e': 'aggTrade', 'E': 1699269495606, 's': 'BTCUSDT', 'a': 2748550496, 'p': '35171.91000000', 'q': '0.00081000', 'f': 3270198872, 'l': 3270198872, 'T': 1699269495605, 'm': False, 'M': True}
2023-11-06 16:48:15,550 - INFO - {'e': 'aggTrade', 'E': 1699269495606, 's': 'BTCUSDT', 'a': 2748550496, 'p': '35171.91000000', 'q': '0.00081000', 'f': 3270198872, 'l': 3270198872, 'T': 1699269495605, 'm': False, 'M': True}
2023-11-06 16:48:17,600 - INFO - {'e': 'aggTrade', 'E': 1699269497680, 's': 'BTCUSDT', 'a': 2748550503, 'p': '35171.91000000', 'q': '0.08586000', 'f': 3270198879, 'l': 3270198881, 'T': 1699269497679, 'm': False, 'M': True}
2023-11-06 16:48:17,606 - INFO - {'e': 'aggTrade', 'E': 1699269497680, 's': 'BTCUSDT', 'a': 2748550503, 'p': '35171.91000000', 'q': '0.08586000', 'f': 3270198879, 'l': 3270198881, 'T': 1699269497679, 'm': False, 'M': True}
2023-11-06 16:48:19,656 - INFO - {'e': 'aggTrade', 'E': 1699269499911, 's': 'BTCUSDT', 'a': 2748550515, 'p': '35171.91000000', 'q': '0.00125000', 'f': 3270198898, 'l': 3270198898, 'T': 1699269499910, 'm': False, 'M': True}
2023-11-06 16:48:19,656 - INFO - {'e': 'aggTrade', 'E': 1699269499911, 's': 'BTCUSDT', 'a': 2748550515, 'p': '35171.91000000', 'q': '0.00125000', 'f': 3270198898, 'l': 3270198898, 'T': 1699269499910, 'm': False, 'M': True}
2023-11-06 16:48:21,691 - INFO - {'e': 'aggTrade', 'E': 1699269501497, 's': 'BTCUSDT', 'a': 2748550542, 'p': '35175.42000000', 'q': '0.09143000', 'f': 3270198928, 'l': 3270198929, 'T': 1699269501497, 'm': True, 'M': True}
2023-11-06 16:48:21,691 - INFO - {'e': 'aggTrade', 'E': 1699269501497, 's': 'BTCUSDT', 'a': 2748550542, 'p': '35175.42000000', 'q': '0.09143000', 'f': 3270198928, 'l': 3270198929, 'T': 1699269501497, 'm': True, 'M': True}
2023-11-06 16:48:23,731 - INFO - {'e': 'aggTrade', 'E': 1699269503619, 's': 'BTCUSDT', 'a': 2748550551, 'p': '35175.43000000', 'q': '0.00132000', 'f': 3270198940, 'l': 3270198940, 'T': 1699269503618, 'm': False, 'M': True}
2023-11-06 16:48:23,731 - INFO - {'e': 'aggTrade', 'E': 1699269503619, 's': 'BTCUSDT', 'a': 2748550551, 'p': '35175.43000000', 'q': '0.00132000', 'f': 3270198940, 'l': 3270198940, 'T': 1699269503618, 'm': False, 'M': True}
2023-11-06 16:48:25,811 - INFO - {'e': 'aggTrade', 'E': 1699269505776, 's': 'ETHUSDT', 'a': 953375444, 'p': '1895.80000000', 'q': '0.01000000', 'f': 1224528427, 'l': 1224528427, 'T': 1699269505775, 'm': False, 'M': True}
2023-11-06 16:48:25,816 - INFO - {'e': 'aggTrade', 'E': 1699269505776, 's': 'ETHUSDT', 'a': 953375444, 'p': '1895.80000000', 'q': '0.01000000', 'f': 1224528427, 'l': 1224528427, 'T': 1699269505775, 'm': False, 'M': True}
2023-11-06 16:48:27,872 - INFO - {'e': 'aggTrade', 'E': 1699269508000, 's': 'ETHUSDT', 'a': 953375449, 'p': '1895.80000000', 'q': '0.01050000', 'f': 1224528437, 'l': 1224528437, 'T': 1699269507999, 'm': False, 'M': True}
2023-11-06 16:48:27,884 - INFO - {'e': 'aggTrade', 'E': 1699269508000, 's': 'ETHUSDT', 'a': 953375449, 'p': '1895.80000000', 'q': '0.01050000', 'f': 1224528437, 'l': 1224528437, 'T': 1699269507999, 'm': False, 'M': True}
2023-11-06 16:48:29,948 - INFO - {'e': 'aggTrade', 'E': 1699269510199, 's': 'ETHUSDT', 'a': 953375452, 'p': '1895.80000000', 'q': '0.01040000', 'f': 1224528440, 'l': 1224528440, 'T': 1699269510198, 'm': False, 'M': True}
2023-11-06 16:48:29,948 - INFO - {'e': 'aggTrade', 'E': 1699269510199, 's': 'ETHUSDT', 'a': 953375452, 'p': '1895.80000000', 'q': '0.01040000', 'f': 1224528440, 'l': 1224528440, 'T': 1699269510198, 'm': False, 'M': True}
2023-11-06 16:48:32,001 - INFO - {'e': 'aggTrade', 'E': 1699269512269, 's': 'BTCUSDT', 'a': 2748550582, 'p': '35175.42000000', 'q': '0.00218000', 'f': 3270198971, 'l': 3270198971, 'T': 1699269512268, 'm': True, 'M': True}
2023-11-06 16:48:32,003 - INFO - {'e': 'aggTrade', 'E': 1699269512269, 's': 'BTCUSDT', 'a': 2748550582, 'p': '35175.42000000', 'q': '0.00218000', 'f': 3270198971, 'l': 3270198971, 'T': 1699269512268, 'm': True, 'M': True}
2023-11-06 16:48:34,056 - INFO - {'e': 'aggTrade', 'E': 1699269514270, 's': 'BTCUSDT', 'a': 2748550586, 'p': '35175.43000000', 'q': '0.00125000', 'f': 3270198975, 'l': 3270198975, 'T': 1699269514269, 'm': False, 'M': True}
2023-11-06 16:48:34,056 - INFO - {'e': 'aggTrade', 'E': 1699269514270, 's': 'BTCUSDT', 'a': 2748550586, 'p': '35175.43000000', 'q': '0.00125000', 'f': 3270198975, 'l': 3270198975, 'T': 1699269514269, 'm': False, 'M': True}
2023-11-06 16:48:36,099 - INFO - {'e': 'aggTrade', 'E': 1699269516336, 's': 'ETHUSDT', 'a': 953375478, 'p': '1895.80000000', 'q': '0.42900000', 'f': 1224528466, 'l': 1224528468, 'T': 1699269516335, 'm': False, 'M': True}
2023-11-06 16:48:36,100 - INFO - {'e': 'aggTrade', 'E': 1699269516336, 's': 'ETHUSDT', 'a': 953375478, 'p': '1895.80000000', 'q': '0.42900000', 'f': 1224528466, 'l': 1224528468, 'T': 1699269516335, 'm': False, 'M': True}
2023-11-06 16:48:38,174 - INFO - {'e': 'aggTrade', 'E': 1699269518316, 's': 'BTCUSDT', 'a': 2748550598, 'p': '35175.42000000', 'q': '0.00034000', 'f': 3270198987, 'l': 3270198987, 'T': 1699269518315, 'm': True, 'M': True}
2023-11-06 16:48:38,174 - INFO - {'e': 'aggTrade', 'E': 1699269518316, 's': 'BTCUSDT', 'a': 2748550598, 'p': '35175.42000000', 'q': '0.00034000', 'f': 3270198987, 'l': 3270198987, 'T': 1699269518315, 'm': True, 'M': True}
2023-11-06 16:48:40,231 - INFO - {'e': 'aggTrade', 'E': 1699269520314, 's': 'BTCUSDT', 'a': 2748550644, 'p': '35179.99000000', 'q': '0.00284000', 'f': 3270199043, 'l': 3270199043, 'T': 1699269520313, 'm': False, 'M': True}
2023-11-06 16:48:40,233 - INFO - {'e': 'aggTrade', 'E': 1699269520314, 's': 'BTCUSDT', 'a': 2748550644, 'p': '35179.99000000', 'q': '0.00284000', 'f': 3270199043, 'l': 3270199043, 'T': 1699269520313, 'm': False, 'M': True}
2023-11-06 16:48:42,284 - INFO - {'e': 'aggTrade', 'E': 1699269522428, 's': 'BTCUSDT', 'a': 2748550653, 'p': '35180.00000000', 'q': '0.00097000', 'f': 3270199059, 'l': 3270199059, 'T': 1699269522427, 'm': False, 'M': True}
2023-11-06 16:48:42,286 - INFO - {'e': 'aggTrade', 'E': 1699269522428, 's': 'BTCUSDT', 'a': 2748550653, 'p': '35180.00000000', 'q': '0.00097000', 'f': 3270199059, 'l': 3270199059, 'T': 1699269522427, 'm': False, 'M': True}
2023-11-06 16:48:44,345 - INFO - {'e': 'aggTrade', 'E': 1699269524388, 's': 'BTCUSDT', 'a': 2748550672, 'p': '35181.46000000', 'q': '0.00127000', 'f': 3270199085, 'l': 3270199085, 'T': 1699269524387, 'm': False, 'M': True}
2023-11-06 16:48:44,353 - INFO - {'e': 'aggTrade', 'E': 1699269524388, 's': 'BTCUSDT', 'a': 2748550672, 'p': '35181.46000000', 'q': '0.00127000', 'f': 3270199085, 'l': 3270199085, 'T': 1699269524387, 'm': False, 'M': True}
2023-11-06 16:48:46,409 - INFO - {'e': 'aggTrade', 'E': 1699269526534, 's': 'ETHUSDT', 'a': 953375537, 'p': '1896.00000000', 'q': '0.01490000', 'f': 1224528555, 'l': 1224528555, 'T': 1699269526534, 'm': True, 'M': True}
2023-11-06 16:48:46,409 - INFO - {'e': 'aggTrade', 'E': 1699269526534, 's': 'ETHUSDT', 'a': 953375537, 'p': '1896.00000000', 'q': '0.01490000', 'f': 1224528555, 'l': 1224528555, 'T': 1699269526534, 'm': True, 'M': True}
2023-11-06 16:48:48,494 - INFO - {'e': 'aggTrade', 'E': 1699269528726, 's': 'ETHUSDT', 'a': 953375548, 'p': '1896.01000000', 'q': '0.26370000', 'f': 1224528567, 'l': 1224528567, 'T': 1699269528725, 'm': False, 'M': True}
2023-11-06 16:48:48,496 - INFO - {'e': 'aggTrade', 'E': 1699269528726, 's': 'ETHUSDT', 'a': 953375548, 'p': '1896.01000000', 'q': '0.26370000', 'f': 1224528567, 'l': 1224528567, 'T': 1699269528725, 'm': False, 'M': True}
2023-11-06 16:48:50,559 - INFO - {'e': 'aggTrade', 'E': 1699269529728, 's': 'ETHUSDT', 'a': 953375556, 'p': '1896.00000000', 'q': '0.01310000', 'f': 1224528575, 'l': 1224528575, 'T': 1699269529727, 'm': True, 'M': True}
2023-11-06 16:48:50,559 - INFO - {'e': 'aggTrade', 'E': 1699269529728, 's': 'ETHUSDT', 'a': 953375556, 'p': '1896.00000000', 'q': '0.01310000', 'f': 1224528575, 'l': 1224528575, 'T': 1699269529727, 'm': True, 'M': True}
2023-11-06 16:48:52,617 - INFO - {'e': 'aggTrade', 'E': 1699269532578, 's': 'BTCUSDT', 'a': 2748550779, 'p': '35179.15000000', 'q': '0.02973000', 'f': 3270199251, 'l': 3270199251, 'T': 1699269532578, 'm': False, 'M': True}
2023-11-06 16:48:52,620 - INFO - {'e': 'aggTrade', 'E': 1699269532578, 's': 'BTCUSDT', 'a': 2748550779, 'p': '35179.15000000', 'q': '0.02973000', 'f': 3270199251, 'l': 3270199251, 'T': 1699269532578, 'm': False, 'M': True}
2023-11-06 16:48:54,709 - INFO - {'e': 'aggTrade', 'E': 1699269534806, 's': 'BTCUSDT', 'a': 2748550788, 'p': '35179.14000000', 'q': '0.00043000', 'f': 3270199263, 'l': 3270199263, 'T': 1699269534806, 'm': True, 'M': True}
2023-11-06 16:48:54,709 - INFO - {'e': 'aggTrade', 'E': 1699269534806, 's': 'BTCUSDT', 'a': 2748550788, 'p': '35179.14000000', 'q': '0.00043000', 'f': 3270199263, 'l': 3270199263, 'T': 1699269534806, 'm': True, 'M': True}
2023-11-06 16:48:56,767 - INFO - {'e': 'aggTrade', 'E': 1699269536823, 's': 'ETHUSDT', 'a': 953375572, 'p': '1896.00000000', 'q': '0.15800000', 'f': 1224528591, 'l': 1224528591, 'T': 1699269536823, 'm': True, 'M': True}
2023-11-06 16:48:56,770 - INFO - {'e': 'aggTrade', 'E': 1699269536823, 's': 'ETHUSDT', 'a': 953375572, 'p': '1896.00000000', 'q': '0.15800000', 'f': 1224528591, 'l': 1224528591, 'T': 1699269536823, 'm': True, 'M': True}
2023-11-06 16:48:58,818 - INFO - {'e': 'aggTrade', 'E': 1699269539073, 's': 'ETHUSDT', 'a': 953375579, 'p': '1896.02000000', 'q': '0.02580000', 'f': 1224528601, 'l': 1224528601, 'T': 1699269539073, 'm': False, 'M': True}
2023-11-06 16:48:58,829 - INFO - {'e': 'aggTrade', 'E': 1699269539073, 's': 'ETHUSDT', 'a': 953375579, 'p': '1896.02000000', 'q': '0.02580000', 'f': 1224528601, 'l': 1224528601, 'T': 1699269539073, 'm': False, 'M': True}
2023-11-06 16:49:00,874 - INFO - {'e': 'aggTrade', 'E': 1699269540985, 's': 'BTCUSDT', 'a': 2748550883, 'p': '35179.14000000', 'q': '0.03006000', 'f': 3270199365, 'l': 3270199365, 'T': 1699269540984, 'm': True, 'M': True}
2023-11-06 16:49:00,874 - INFO - {'e': 'aggTrade', 'E': 1699269540985, 's': 'BTCUSDT', 'a': 2748550883, 'p': '35179.14000000', 'q': '0.03006000', 'f': 3270199365, 'l': 3270199365, 'T': 1699269540984, 'm': True, 'M': True}
2023-11-06 16:49:02,925 - INFO - {'e': 'aggTrade', 'E': 1699269543138, 's': 'ETHUSDT', 'a': 953375655, 'p': '1896.01000000', 'q': '0.02930000', 'f': 1224528679, 'l': 1224528679, 'T': 1699269543137, 'm': True, 'M': True}
2023-11-06 16:49:02,932 - INFO - {'e': 'aggTrade', 'E': 1699269543138, 's': 'ETHUSDT', 'a': 953375655, 'p': '1896.01000000', 'q': '0.02930000', 'f': 1224528679, 'l': 1224528679, 'T': 1699269543137, 'm': True, 'M': True}
2023-11-06 16:49:04,999 - INFO - {'e': 'aggTrade', 'E': 1699269544946, 's': 'ETHUSDT', 'a': 953375657, 'p': '1896.01000000', 'q': '0.16400000', 'f': 1224528681, 'l': 1224528681, 'T': 1699269544945, 'm': True, 'M': True}
2023-11-06 16:49:05,000 - INFO - {'e': 'aggTrade', 'E': 1699269544946, 's': 'ETHUSDT', 'a': 953375657, 'p': '1896.01000000', 'q': '0.16400000', 'f': 1224528681, 'l': 1224528681, 'T': 1699269544945, 'm': True, 'M': True}
2023-11-06 16:49:07,048 - INFO - {'e': 'aggTrade', 'E': 1699269547203, 's': 'ETHUSDT', 'a': 953375664, 'p': '1896.02000000', 'q': '0.00340000', 'f': 1224528692, 'l': 1224528692, 'T': 1699269547203, 'm': False, 'M': True}
2023-11-06 16:49:07,050 - INFO - {'e': 'aggTrade', 'E': 1699269547203, 's': 'ETHUSDT', 'a': 953375664, 'p': '1896.02000000', 'q': '0.00340000', 'f': 1224528692, 'l': 1224528692, 'T': 1699269547203, 'm': False, 'M': True}
2023-11-06 16:49:09,089 - INFO - {'e': 'aggTrade', 'E': 1699269549006, 's': 'ETHUSDT', 'a': 953375681, 'p': '1895.85000000', 'q': '0.02930000', 'f': 1224528715, 'l': 1224528716, 'T': 1699269549005, 'm': False, 'M': True}
2023-11-06 16:49:09,089 - INFO - {'e': 'aggTrade', 'E': 1699269549006, 's': 'ETHUSDT', 'a': 953375681, 'p': '1895.85000000', 'q': '0.02930000', 'f': 1224528715, 'l': 1224528716, 'T': 1699269549005, 'm': False, 'M': True}
2023-11-06 16:49:11,165 - INFO - {'e': 'aggTrade', 'E': 1699269551183, 's': 'BTCUSDT', 'a': 2748551075, 'p': '35172.04000000', 'q': '0.00170000', 'f': 3270199595, 'l': 3270199595, 'T': 1699269551182, 'm': True, 'M': True}
2023-11-06 16:49:11,165 - INFO - {'e': 'aggTrade', 'E': 1699269551183, 's': 'BTCUSDT', 'a': 2748551075, 'p': '35172.04000000', 'q': '0.00170000', 'f': 3270199595, 'l': 3270199595, 'T': 1699269551182, 'm': True, 'M': True}
2023-11-06 16:49:13,230 - INFO - {'e': 'aggTrade', 'E': 1699269553121, 's': 'BTCUSDT', 'a': 2748551081, 'p': '35172.05000000', 'q': '0.00107000', 'f': 3270199602, 'l': 3270199602, 'T': 1699269553120, 'm': False, 'M': True}
2023-11-06 16:49:13,233 - INFO - {'e': 'aggTrade', 'E': 1699269553121, 's': 'BTCUSDT', 'a': 2748551081, 'p': '35172.05000000', 'q': '0.00107000', 'f': 3270199602, 'l': 3270199602, 'T': 1699269553120, 'm': False, 'M': True}
2023-11-06 16:49:15,296 - INFO - {'e': 'aggTrade', 'E': 1699269555271, 's': 'BTCUSDT', 'a': 2748551091, 'p': '35172.05000000', 'q': '0.00017000', 'f': 3270199612, 'l': 3270199612, 'T': 1699269555271, 'm': False, 'M': True}
2023-11-06 16:49:15,300 - INFO - {'e': 'aggTrade', 'E': 1699269555271, 's': 'BTCUSDT', 'a': 2748551091, 'p': '35172.05000000', 'q': '0.00017000', 'f': 3270199612, 'l': 3270199612, 'T': 1699269555271, 'm': False, 'M': True}
2023-11-06 16:49:17,369 - INFO - {'e': 'aggTrade', 'E': 1699269557505, 's': 'BTCUSDT', 'a': 2748551101, 'p': '35172.04000000', 'q': '0.01151000', 'f': 3270199622, 'l': 3270199622, 'T': 1699269557504, 'm': True, 'M': True}
2023-11-06 16:49:17,369 - INFO - {'e': 'aggTrade', 'E': 1699269557505, 's': 'BTCUSDT', 'a': 2748551101, 'p': '35172.04000000', 'q': '0.01151000', 'f': 3270199622, 'l': 3270199622, 'T': 1699269557504, 'm': True, 'M': True}
2023-11-06 16:49:19,413 - INFO - {'e': 'aggTrade', 'E': 1699269559368, 's': 'BTCUSDT', 'a': 2748551115, 'p': '35172.04000000', 'q': '0.16908000', 'f': 3270199637, 'l': 3270199637, 'T': 1699269559368, 'm': True, 'M': True}
2023-11-06 16:49:19,413 - INFO - {'e': 'aggTrade', 'E': 1699269559368, 's': 'BTCUSDT', 'a': 2748551115, 'p': '35172.04000000', 'q': '0.16908000', 'f': 3270199637, 'l': 3270199637, 'T': 1699269559368, 'm': True, 'M': True}
2023-11-06 16:49:21,468 - INFO - {'e': 'aggTrade', 'E': 1699269561461, 's': 'ETHUSDT', 'a': 953375730, 'p': '1895.59000000', 'q': '0.01060000', 'f': 1224528782, 'l': 1224528782, 'T': 1699269561461, 'm': True, 'M': True}
2023-11-06 16:49:21,468 - INFO - {'e': 'aggTrade', 'E': 1699269561461, 's': 'ETHUSDT', 'a': 953375730, 'p': '1895.59000000', 'q': '0.01060000', 'f': 1224528782, 'l': 1224528782, 'T': 1699269561461, 'm': True, 'M': True}
2023-11-06 16:49:23,529 - INFO - {'e': 'aggTrade', 'E': 1699269563533, 's': 'ETHUSDT', 'a': 953375745, 'p': '1895.47000000', 'q': '0.03000000', 'f': 1224528801, 'l': 1224528801, 'T': 1699269563532, 'm': True, 'M': True}
2023-11-06 16:49:23,536 - INFO - {'e': 'aggTrade', 'E': 1699269563533, 's': 'ETHUSDT', 'a': 953375745, 'p': '1895.47000000', 'q': '0.03000000', 'f': 1224528801, 'l': 1224528801, 'T': 1699269563532, 'm': True, 'M': True}
2023-11-06 16:49:25,618 - INFO - {'e': 'aggTrade', 'E': 1699269565302, 's': 'BTCUSDT', 'a': 2748551164, 'p': '35166.32000000', 'q': '0.00523000', 'f': 3270199715, 'l': 3270199715, 'T': 1699269565301, 'm': False, 'M': True}
2023-11-06 16:49:25,618 - INFO - {'e': 'aggTrade', 'E': 1699269565302, 's': 'BTCUSDT', 'a': 2748551164, 'p': '35166.32000000', 'q': '0.00523000', 'f': 3270199715, 'l': 3270199715, 'T': 1699269565301, 'm': False, 'M': True}
2023-11-06 16:49:27,684 - INFO - {'e': 'aggTrade', 'E': 1699269567812, 's': 'BTCUSDT', 'a': 2748551186, 'p': '35164.42000000', 'q': '0.09200000', 'f': 3270199743, 'l': 3270199743, 'T': 1699269567812, 'm': True, 'M': True}
2023-11-06 16:49:27,684 - INFO - {'e': 'aggTrade', 'E': 1699269567812, 's': 'BTCUSDT', 'a': 2748551186, 'p': '35164.42000000', 'q': '0.09200000', 'f': 3270199743, 'l': 3270199743, 'T': 1699269567812, 'm': True, 'M': True}
2023-11-06 16:49:29,748 - INFO - {'e': 'aggTrade', 'E': 1699269569880, 's': 'ETHUSDT', 'a': 953375804, 'p': '1895.29000000', 'q': '3.16560000', 'f': 1224528902, 'l': 1224528904, 'T': 1699269569879, 'm': False, 'M': True}
2023-11-06 16:49:29,756 - INFO - {'e': 'aggTrade', 'E': 1699269569880, 's': 'ETHUSDT', 'a': 953375804, 'p': '1895.29000000', 'q': '3.16560000', 'f': 1224528902, 'l': 1224528904, 'T': 1699269569879, 'm': False, 'M': True}
2023-11-06 16:49:31,818 - INFO - {'e': 'aggTrade', 'E': 1699269571893, 's': 'BTCUSDT', 'a': 2748551208, 'p': '35164.06000000', 'q': '0.25498000', 'f': 3270199779, 'l': 3270199780, 'T': 1699269571893, 'm': False, 'M': True}
2023-11-06 16:49:31,818 - INFO - {'e': 'aggTrade', 'E': 1699269571893, 's': 'BTCUSDT', 'a': 2748551208, 'p': '35164.06000000', 'q': '0.25498000', 'f': 3270199779, 'l': 3270199780, 'T': 1699269571893, 'm': False, 'M': True}
2023-11-06 16:49:33,867 - INFO - {'e': 'aggTrade', 'E': 1699269573879, 's': 'BTCUSDT', 'a': 2748551217, 'p': '35164.05000000', 'q': '0.05112000', 'f': 3270199789, 'l': 3270199789, 'T': 1699269573878, 'm': True, 'M': True}
2023-11-06 16:49:33,867 - INFO - {'e': 'aggTrade', 'E': 1699269573879, 's': 'BTCUSDT', 'a': 2748551217, 'p': '35164.05000000', 'q': '0.05112000', 'f': 3270199789, 'l': 3270199789, 'T': 1699269573878, 'm': True, 'M': True}
2023-11-06 16:49:35,914 - INFO - {'e': 'aggTrade', 'E': 1699269575496, 's': 'BTCUSDT', 'a': 2748551226, 'p': '35164.06000000', 'q': '0.00779000', 'f': 3270199799, 'l': 3270199799, 'T': 1699269575496, 'm': False, 'M': True}
2023-11-06 16:49:35,914 - INFO - {'e': 'aggTrade', 'E': 1699269575496, 's': 'BTCUSDT', 'a': 2748551226, 'p': '35164.06000000', 'q': '0.00779000', 'f': 3270199799, 'l': 3270199799, 'T': 1699269575496, 'm': False, 'M': True}
2023-11-06 16:49:37,966 - INFO - {'e': 'aggTrade', 'E': 1699269577919, 's': 'BTCUSDT', 'a': 2748551232, 'p': '35164.06000000', 'q': '0.00161000', 'f': 3270199805, 'l': 3270199805, 'T': 1699269577918, 'm': False, 'M': True}
2023-11-06 16:49:37,966 - INFO - {'e': 'aggTrade', 'E': 1699269577919, 's': 'BTCUSDT', 'a': 2748551232, 'p': '35164.06000000', 'q': '0.00161000', 'f': 3270199805, 'l': 3270199805, 'T': 1699269577918, 'm': False, 'M': True}
2023-11-06 16:49:39,998 - INFO - {'e': 'aggTrade', 'E': 1699269579804, 's': 'BTCUSDT', 'a': 2748551241, 'p': '35164.05000000', 'q': '0.00290000', 'f': 3270199814, 'l': 3270199814, 'T': 1699269579804, 'm': True, 'M': True}
2023-11-06 16:49:39,998 - INFO - {'e': 'aggTrade', 'E': 1699269579804, 's': 'BTCUSDT', 'a': 2748551241, 'p': '35164.05000000', 'q': '0.00290000', 'f': 3270199814, 'l': 3270199814, 'T': 1699269579804, 'm': True, 'M': True}
2023-11-06 16:49:42,046 - INFO - {'e': 'aggTrade', 'E': 1699269581863, 's': 'BTCUSDT', 'a': 2748551246, 'p': '35164.06000000', 'q': '0.02532000', 'f': 3270199819, 'l': 3270199820, 'T': 1699269581862, 'm': False, 'M': True}
2023-11-06 16:49:42,046 - INFO - {'e': 'aggTrade', 'E': 1699269581863, 's': 'BTCUSDT', 'a': 2748551246, 'p': '35164.06000000', 'q': '0.02532000', 'f': 3270199819, 'l': 3270199820, 'T': 1699269581862, 'm': False, 'M': True}
2023-11-06 16:49:44,088 - INFO - {'e': 'aggTrade', 'E': 1699269584044, 's': 'ETHUSDT', 'a': 953375842, 'p': '1895.49000000', 'q': '3.88120000', 'f': 1224528963, 'l': 1224528964, 'T': 1699269584043, 'm': True, 'M': True}
2023-11-06 16:49:44,093 - INFO - {'e': 'aggTrade', 'E': 1699269584044, 's': 'ETHUSDT', 'a': 953375842, 'p': '1895.49000000', 'q': '3.88120000', 'f': 1224528963, 'l': 1224528964, 'T': 1699269584043, 'm': True, 'M': True}
2023-11-06 16:49:46,147 - INFO - {'e': 'aggTrade', 'E': 1699269586331, 's': 'BTCUSDT', 'a': 2748551280, 'p': '35162.36000000', 'q': '0.00030000', 'f': 3270199888, 'l': 3270199888, 'T': 1699269586330, 'm': True, 'M': True}
2023-11-06 16:49:46,147 - INFO - {'e': 'aggTrade', 'E': 1699269586331, 's': 'BTCUSDT', 'a': 2748551280, 'p': '35162.36000000', 'q': '0.00030000', 'f': 3270199888, 'l': 3270199888, 'T': 1699269586330, 'm': True, 'M': True}
2023-11-06 16:49:48,196 - INFO - {'e': 'aggTrade', 'E': 1699269587348, 's': 'BTCUSDT', 'a': 2748551287, 'p': '35161.92000000', 'q': '0.00028000', 'f': 3270199898, 'l': 3270199898, 'T': 1699269587347, 'm': True, 'M': True}
2023-11-06 16:49:48,196 - INFO - {'e': 'aggTrade', 'E': 1699269587348, 's': 'BTCUSDT', 'a': 2748551287, 'p': '35161.92000000', 'q': '0.00028000', 'f': 3270199898, 'l': 3270199898, 'T': 1699269587347, 'm': True, 'M': True}
2023-11-06 16:49:50,245 - INFO - {'e': 'aggTrade', 'E': 1699269590096, 's': 'BTCUSDT', 'a': 2748551296, 'p': '35161.05000000', 'q': '0.02089000', 'f': 3270199913, 'l': 3270199914, 'T': 1699269590095, 'm': True, 'M': True}
2023-11-06 16:49:50,245 - INFO - {'e': 'aggTrade', 'E': 1699269590096, 's': 'BTCUSDT', 'a': 2748551296, 'p': '35161.05000000', 'q': '0.02089000', 'f': 3270199913, 'l': 3270199914, 'T': 1699269590095, 'm': True, 'M': True}
2023-11-06 16:49:52,306 - INFO - {'e': 'aggTrade', 'E': 1699269592368, 's': 'ETHUSDT', 'a': 953375861, 'p': '1895.37000000', 'q': '0.02570000', 'f': 1224528990, 'l': 1224528990, 'T': 1699269592367, 'm': True, 'M': True}
2023-11-06 16:49:52,314 - INFO - {'e': 'aggTrade', 'E': 1699269592368, 's': 'ETHUSDT', 'a': 953375861, 'p': '1895.37000000', 'q': '0.02570000', 'f': 1224528990, 'l': 1224528990, 'T': 1699269592367, 'm': True, 'M': True}
2023-11-06 16:49:54,361 - INFO - {'e': 'aggTrade', 'E': 1699269594306, 's': 'BTCUSDT', 'a': 2748551312, 'p': '35161.04000000', 'q': '0.00041000', 'f': 3270199935, 'l': 3270199935, 'T': 1699269594305, 'm': True, 'M': True}
2023-11-06 16:49:54,370 - INFO - {'e': 'aggTrade', 'E': 1699269594306, 's': 'BTCUSDT', 'a': 2748551312, 'p': '35161.04000000', 'q': '0.00041000', 'f': 3270199935, 'l': 3270199935, 'T': 1699269594305, 'm': True, 'M': True}
2023-11-06 16:49:56,410 - INFO - {'e': 'aggTrade', 'E': 1699269596391, 's': 'ETHUSDT', 'a': 953375871, 'p': '1895.37000000', 'q': '0.02830000', 'f': 1224529007, 'l': 1224529007, 'T': 1699269596390, 'm': True, 'M': True}
2023-11-06 16:49:56,410 - INFO - {'e': 'aggTrade', 'E': 1699269596391, 's': 'ETHUSDT', 'a': 953375871, 'p': '1895.37000000', 'q': '0.02830000', 'f': 1224529007, 'l': 1224529007, 'T': 1699269596390, 'm': True, 'M': True}
2023-11-06 16:49:58,471 - INFO - {'e': 'aggTrade', 'E': 1699269598548, 's': 'BTCUSDT', 'a': 2748551333, 'p': '35161.04000000', 'q': '0.00114000', 'f': 3270199963, 'l': 3270199963, 'T': 1699269598547, 'm': False, 'M': True}
2023-11-06 16:49:58,471 - INFO - {'e': 'aggTrade', 'E': 1699269598548, 's': 'BTCUSDT', 'a': 2748551333, 'p': '35161.04000000', 'q': '0.00114000', 'f': 3270199963, 'l': 3270199963, 'T': 1699269598547, 'm': False, 'M': True}
2023-11-06 16:50:00,528 - INFO - {'e': 'aggTrade', 'E': 1699269600724, 's': 'BTCUSDT', 'a': 2748551456, 'p': '35157.02000000', 'q': '0.01436000', 'f': 3270200094, 'l': 3270200094, 'T': 1699269600723, 'm': True, 'M': True}
2023-11-06 16:50:00,528 - INFO - {'e': 'aggTrade', 'E': 1699269600724, 's': 'BTCUSDT', 'a': 2748551456, 'p': '35157.02000000', 'q': '0.01436000', 'f': 3270200094, 'l': 3270200094, 'T': 1699269600723, 'm': True, 'M': True}
2023-11-06 16:50:02,602 - INFO - {'e': 'aggTrade', 'E': 1699269602557, 's': 'BTCUSDT', 'a': 2748551476, 'p': '35157.02000000', 'q': '0.00511000', 'f': 3270200114, 'l': 3270200114, 'T': 1699269602556, 'm': True, 'M': True}
2023-11-06 16:50:02,603 - INFO - {'e': 'aggTrade', 'E': 1699269602557, 's': 'BTCUSDT', 'a': 2748551476, 'p': '35157.02000000', 'q': '0.00511000', 'f': 3270200114, 'l': 3270200114, 'T': 1699269602556, 'm': True, 'M': True}
2023-11-06 16:50:04,668 - INFO - {'e': 'aggTrade', 'E': 1699269604688, 's': 'ETHUSDT', 'a': 953375998, 'p': '1894.84000000', 'q': '0.01490000', 'f': 1224529168, 'l': 1224529168, 'T': 1699269604688, 'm': True, 'M': True}
2023-11-06 16:50:04,668 - INFO - {'e': 'aggTrade', 'E': 1699269604688, 's': 'ETHUSDT', 'a': 953375998, 'p': '1894.84000000', 'q': '0.01490000', 'f': 1224529168, 'l': 1224529168, 'T': 1699269604688, 'm': True, 'M': True}
2023-11-06 16:50:06,750 - INFO - {'e': 'aggTrade', 'E': 1699269606817, 's': 'BTCUSDT', 'a': 2748551505, 'p': '35155.26000000', 'q': '0.00551000', 'f': 3270200149, 'l': 3270200149, 'T': 1699269606817, 'm': True, 'M': True}
2023-11-06 16:50:06,750 - INFO - {'e': 'aggTrade', 'E': 1699269606817, 's': 'BTCUSDT', 'a': 2748551505, 'p': '35155.26000000', 'q': '0.00551000', 'f': 3270200149, 'l': 3270200149, 'T': 1699269606817, 'm': True, 'M': True}
2023-11-06 16:50:08,801 - INFO - {'e': 'aggTrade', 'E': 1699269608956, 's': 'ETHUSDT', 'a': 953376015, 'p': '1894.72000000', 'q': '0.01980000', 'f': 1224529191, 'l': 1224529192, 'T': 1699269608955, 'm': True, 'M': True}
2023-11-06 16:50:08,807 - INFO - {'e': 'aggTrade', 'E': 1699269608956, 's': 'ETHUSDT', 'a': 953376015, 'p': '1894.72000000', 'q': '0.01980000', 'f': 1224529191, 'l': 1224529192, 'T': 1699269608955, 'm': True, 'M': True}
2023-11-06 16:50:10,856 - INFO - {'e': 'aggTrade', 'E': 1699269610936, 's': 'BTCUSDT', 'a': 2748551550, 'p': '35152.35000000', 'q': '0.00912000', 'f': 3270200198, 'l': 3270200198, 'T': 1699269610935, 'm': False, 'M': True}
2023-11-06 16:50:10,856 - INFO - {'e': 'aggTrade', 'E': 1699269610936, 's': 'BTCUSDT', 'a': 2748551550, 'p': '35152.35000000', 'q': '0.00912000', 'f': 3270200198, 'l': 3270200198, 'T': 1699269610935, 'm': False, 'M': True}
2023-11-06 16:50:12,924 - INFO - {'e': 'aggTrade', 'E': 1699269613093, 's': 'BTCUSDT', 'a': 2748551570, 'p': '35150.09000000', 'q': '0.00165000', 'f': 3270200223, 'l': 3270200223, 'T': 1699269613091, 'm': False, 'M': True}
2023-11-06 16:50:12,927 - INFO - {'e': 'aggTrade', 'E': 1699269613093, 's': 'BTCUSDT', 'a': 2748551570, 'p': '35150.09000000', 'q': '0.00165000', 'f': 3270200223, 'l': 3270200223, 'T': 1699269613091, 'm': False, 'M': True}
2023-11-06 16:50:14,989 - INFO - {'e': 'aggTrade', 'E': 1699269615043, 's': 'BTCUSDT', 'a': 2748551576, 'p': '35150.08000000', 'q': '0.00068000', 'f': 3270200229, 'l': 3270200229, 'T': 1699269615042, 'm': True, 'M': True}
2023-11-06 16:50:14,992 - INFO - {'e': 'aggTrade', 'E': 1699269615043, 's': 'BTCUSDT', 'a': 2748551576, 'p': '35150.08000000', 'q': '0.00068000', 'f': 3270200229, 'l': 3270200229, 'T': 1699269615042, 'm': True, 'M': True}
2023-11-06 16:50:17,050 - INFO - {'e': 'aggTrade', 'E': 1699269617317, 's': 'BTCUSDT', 'a': 2748551598, 'p': '35149.94000000', 'q': '0.00252000', 'f': 3270200253, 'l': 3270200253, 'T': 1699269617316, 'm': False, 'M': True}
2023-11-06 16:50:17,051 - INFO - {'e': 'aggTrade', 'E': 1699269617317, 's': 'BTCUSDT', 'a': 2748551598, 'p': '35149.94000000', 'q': '0.00252000', 'f': 3270200253, 'l': 3270200253, 'T': 1699269617316, 'm': False, 'M': True}
2023-11-06 16:50:19,104 - INFO - {'e': 'aggTrade', 'E': 1699269619301, 's': 'BTCUSDT', 'a': 2748551644, 'p': '35142.20000000', 'q': '0.00171000', 'f': 3270200304, 'l': 3270200304, 'T': 1699269619300, 'm': True, 'M': True}
2023-11-06 16:50:19,106 - INFO - {'e': 'aggTrade', 'E': 1699269619301, 's': 'BTCUSDT', 'a': 2748551644, 'p': '35142.20000000', 'q': '0.00171000', 'f': 3270200304, 'l': 3270200304, 'T': 1699269619300, 'm': True, 'M': True}
2023-11-06 16:50:21,150 - INFO - {'e': 'aggTrade', 'E': 1699269621404, 's': 'BTCUSDT', 'a': 2748551655, 'p': '35141.85000000', 'q': '0.00493000', 'f': 3270200316, 'l': 3270200316, 'T': 1699269621404, 'm': False, 'M': True}
2023-11-06 16:50:21,152 - INFO - {'e': 'aggTrade', 'E': 1699269621404, 's': 'BTCUSDT', 'a': 2748551655, 'p': '35141.85000000', 'q': '0.00493000', 'f': 3270200316, 'l': 3270200316, 'T': 1699269621404, 'm': False, 'M': True}
2023-11-06 16:50:23,203 - INFO - {'e': 'aggTrade', 'E': 1699269622657, 's': 'BTCUSDT', 'a': 2748551662, 'p': '35141.84000000', 'q': '0.01253000', 'f': 3270200324, 'l': 3270200324, 'T': 1699269622657, 'm': True, 'M': True}
2023-11-06 16:50:23,206 - INFO - {'e': 'aggTrade', 'E': 1699269622657, 's': 'BTCUSDT', 'a': 2748551662, 'p': '35141.84000000', 'q': '0.01253000', 'f': 3270200324, 'l': 3270200324, 'T': 1699269622657, 'm': True, 'M': True}
2023-11-06 16:50:25,245 - INFO - {'e': 'aggTrade', 'E': 1699269625406, 's': 'BTCUSDT', 'a': 2748551678, 'p': '35141.84000000', 'q': '0.03771000', 'f': 3270200341, 'l': 3270200342, 'T': 1699269625406, 'm': True, 'M': True}
2023-11-06 16:50:25,246 - INFO - {'e': 'aggTrade', 'E': 1699269625406, 's': 'BTCUSDT', 'a': 2748551678, 'p': '35141.84000000', 'q': '0.03771000', 'f': 3270200341, 'l': 3270200342, 'T': 1699269625406, 'm': True, 'M': True}
2023-11-06 16:50:27,280 - INFO - {'e': 'aggTrade', 'E': 1699269627333, 's': 'BTCUSDT', 'a': 2748551686, 'p': '35141.85000000', 'q': '0.00584000', 'f': 3270200351, 'l': 3270200351, 'T': 1699269627333, 'm': False, 'M': True}
2023-11-06 16:50:27,282 - INFO - {'e': 'aggTrade', 'E': 1699269627333, 's': 'BTCUSDT', 'a': 2748551686, 'p': '35141.85000000', 'q': '0.00584000', 'f': 3270200351, 'l': 3270200351, 'T': 1699269627333, 'm': False, 'M': True}
2023-11-06 16:50:29,320 - INFO - {'e': 'aggTrade', 'E': 1699269629514, 's': 'BTCUSDT', 'a': 2748551707, 'p': '35141.84000000', 'q': '0.00280000', 'f': 3270200372, 'l': 3270200372, 'T': 1699269629513, 'm': True, 'M': True}
2023-11-06 16:50:29,322 - INFO - {'e': 'aggTrade', 'E': 1699269629514, 's': 'BTCUSDT', 'a': 2748551707, 'p': '35141.84000000', 'q': '0.00280000', 'f': 3270200372, 'l': 3270200372, 'T': 1699269629513, 'm': True, 'M': True}
2023-11-06 16:50:31,370 - INFO - {'e': 'aggTrade', 'E': 1699269631468, 's': 'BTCUSDT', 'a': 2748551772, 'p': '35148.73000000', 'q': '0.00070000', 'f': 3270200486, 'l': 3270200486, 'T': 1699269631467, 'm': False, 'M': True}
2023-11-06 16:50:31,373 - INFO - {'e': 'aggTrade', 'E': 1699269631468, 's': 'BTCUSDT', 'a': 2748551772, 'p': '35148.73000000', 'q': '0.00070000', 'f': 3270200486, 'l': 3270200486, 'T': 1699269631467, 'm': False, 'M': True}
2023-11-06 16:50:33,417 - INFO - {'e': 'aggTrade', 'E': 1699269633572, 's': 'BTCUSDT', 'a': 2748551780, 'p': '35148.74000000', 'q': '0.00041000', 'f': 3270200496, 'l': 3270200496, 'T': 1699269633571, 'm': False, 'M': True}
2023-11-06 16:50:33,419 - INFO - {'e': 'aggTrade', 'E': 1699269633572, 's': 'BTCUSDT', 'a': 2748551780, 'p': '35148.74000000', 'q': '0.00041000', 'f': 3270200496, 'l': 3270200496, 'T': 1699269633571, 'm': False, 'M': True}
2023-11-06 16:50:35,463 - INFO - {'e': 'aggTrade', 'E': 1699269635702, 's': 'BTCUSDT', 'a': 2748551816, 'p': '35149.99000000', 'q': '0.00057000', 'f': 3270200543, 'l': 3270200543, 'T': 1699269635702, 'm': True, 'M': True}
2023-11-06 16:50:35,465 - INFO - {'e': 'aggTrade', 'E': 1699269635702, 's': 'BTCUSDT', 'a': 2748551816, 'p': '35149.99000000', 'q': '0.00057000', 'f': 3270200543, 'l': 3270200543, 'T': 1699269635702, 'm': True, 'M': True}
2023-11-06 16:50:37,508 - INFO - {'e': 'aggTrade', 'E': 1699269637590, 's': 'BTCUSDT', 'a': 2748551823, 'p': '35150.00000000', 'q': '0.00075000', 'f': 3270200550, 'l': 3270200550, 'T': 1699269637589, 'm': False, 'M': True}
2023-11-06 16:50:37,511 - INFO - {'e': 'aggTrade', 'E': 1699269637590, 's': 'BTCUSDT', 'a': 2748551823, 'p': '35150.00000000', 'q': '0.00075000', 'f': 3270200550, 'l': 3270200550, 'T': 1699269637589, 'm': False, 'M': True}
2023-11-06 16:50:39,546 - INFO - {'e': 'aggTrade', 'E': 1699269639606, 's': 'BTCUSDT', 'a': 2748551831, 'p': '35150.00000000', 'q': '0.00059000', 'f': 3270200559, 'l': 3270200559, 'T': 1699269639605, 'm': False, 'M': True}
2023-11-06 16:50:39,548 - INFO - {'e': 'aggTrade', 'E': 1699269639606, 's': 'BTCUSDT', 'a': 2748551831, 'p': '35150.00000000', 'q': '0.00059000', 'f': 3270200559, 'l': 3270200559, 'T': 1699269639605, 'm': False, 'M': True}
2023-11-06 16:50:41,613 - INFO - {'e': 'aggTrade', 'E': 1699269641869, 's': 'BTCUSDT', 'a': 2748551854, 'p': '35150.00000000', 'q': '0.13407000', 'f': 3270200582, 'l': 3270200582, 'T': 1699269641868, 'm': False, 'M': True}
2023-11-06 16:50:41,621 - INFO - {'e': 'aggTrade', 'E': 1699269641869, 's': 'BTCUSDT', 'a': 2748551854, 'p': '35150.00000000', 'q': '0.13407000', 'f': 3270200582, 'l': 3270200582, 'T': 1699269641868, 'm': False, 'M': True}
2023-11-06 16:50:43,651 - INFO - {'e': 'aggTrade', 'E': 1699269643847, 's': 'BTCUSDT', 'a': 2748551866, 'p': '35150.00000000', 'q': '0.00103000', 'f': 3270200594, 'l': 3270200594, 'T': 1699269643846, 'm': False, 'M': True}
2023-11-06 16:50:43,651 - INFO - {'e': 'aggTrade', 'E': 1699269643847, 's': 'BTCUSDT', 'a': 2748551866, 'p': '35150.00000000', 'q': '0.00103000', 'f': 3270200594, 'l': 3270200594, 'T': 1699269643846, 'm': False, 'M': True}
2023-11-06 16:50:45,713 - INFO - {'e': 'aggTrade', 'E': 1699269645825, 's': 'BTCUSDT', 'a': 2748551873, 'p': '35150.00000000', 'q': '0.00055000', 'f': 3270200601, 'l': 3270200601, 'T': 1699269645825, 'm': False, 'M': True}
2023-11-06 16:50:45,713 - INFO - {'e': 'aggTrade', 'E': 1699269645825, 's': 'BTCUSDT', 'a': 2748551873, 'p': '35150.00000000', 'q': '0.00055000', 'f': 3270200601, 'l': 3270200601, 'T': 1699269645825, 'm': False, 'M': True}
2023-11-06 16:50:47,737 - INFO - {'e': 'aggTrade', 'E': 1699269647866, 's': 'ETHUSDT', 'a': 953376213, 'p': '1894.73000000', 'q': '0.10510000', 'f': 1224529487, 'l': 1224529489, 'T': 1699269647865, 'm': False, 'M': True}
2023-11-06 16:50:47,737 - INFO - {'e': 'aggTrade', 'E': 1699269647866, 's': 'ETHUSDT', 'a': 953376213, 'p': '1894.73000000', 'q': '0.10510000', 'f': 1224529487, 'l': 1224529489, 'T': 1699269647865, 'm': False, 'M': True}
2023-11-06 16:50:49,774 - INFO - {'e': 'aggTrade', 'E': 1699269649933, 's': 'BTCUSDT', 'a': 2748551895, 'p': '35151.43000000', 'q': '0.00029000', 'f': 3270200636, 'l': 3270200636, 'T': 1699269649933, 'm': False, 'M': True}
2023-11-06 16:50:49,774 - INFO - {'e': 'aggTrade', 'E': 1699269649933, 's': 'BTCUSDT', 'a': 2748551895, 'p': '35151.43000000', 'q': '0.00029000', 'f': 3270200636, 'l': 3270200636, 'T': 1699269649933, 'm': False, 'M': True}
2023-11-06 17:34:10,217 - INFO - {'e': 'aggTrade', 'E': 1699272250086, 's': 'BTCUSDT', 'a': 2748576708, 'p': '35198.68000000', 'q': '0.00269000', 'f': 3270230969, 'l': 3270230969, 'T': 1699272250086, 'm': False, 'M': True}
2023-11-06 17:34:10,227 - INFO - {'e': 'aggTrade', 'E': 1699272250086, 's': 'BTCUSDT', 'a': 2748576708, 'p': '35198.68000000', 'q': '0.00269000', 'f': 3270230969, 'l': 3270230969, 'T': 1699272250086, 'm': False, 'M': True}
2023-11-06 17:34:12,281 - INFO - {'e': 'aggTrade', 'E': 1699272252186, 's': 'ETHUSDT', 'a': 953388692, 'p': '1895.28000000', 'q': '0.17430000', 'f': 1224546311, 'l': 1224546311, 'T': 1699272252185, 'm': True, 'M': True}
2023-11-06 17:34:12,283 - INFO - {'e': 'aggTrade', 'E': 1699272252186, 's': 'ETHUSDT', 'a': 953388692, 'p': '1895.28000000', 'q': '0.17430000', 'f': 1224546311, 'l': 1224546311, 'T': 1699272252185, 'm': True, 'M': True}
2023-11-06 17:34:14,340 - INFO - {'e': 'aggTrade', 'E': 1699272254127, 's': 'BTCUSDT', 'a': 2748576736, 'p': '35198.68000000', 'q': '0.01516000', 'f': 3270230998, 'l': 3270230998, 'T': 1699272254126, 'm': False, 'M': True}
2023-11-06 17:34:14,348 - INFO - {'e': 'aggTrade', 'E': 1699272254127, 's': 'BTCUSDT', 'a': 2748576736, 'p': '35198.68000000', 'q': '0.01516000', 'f': 3270230998, 'l': 3270230998, 'T': 1699272254126, 'm': False, 'M': True}
2023-11-06 17:34:16,397 - INFO - {'e': 'aggTrade', 'E': 1699272256125, 's': 'BTCUSDT', 'a': 2748576778, 'p': '35196.60000000', 'q': '0.00167000', 'f': 3270231044, 'l': 3270231044, 'T': 1699272256125, 'm': True, 'M': True}
2023-11-06 17:34:16,397 - INFO - {'e': 'aggTrade', 'E': 1699272256125, 's': 'BTCUSDT', 'a': 2748576778, 'p': '35196.60000000', 'q': '0.00167000', 'f': 3270231044, 'l': 3270231044, 'T': 1699272256125, 'm': True, 'M': True}
2023-11-06 17:34:18,445 - INFO - {'e': 'aggTrade', 'E': 1699272258047, 's': 'ETHUSDT', 'a': 953388720, 'p': '1895.48000000', 'q': '0.02580000', 'f': 1224546351, 'l': 1224546352, 'T': 1699272258046, 'm': False, 'M': True}
2023-11-06 17:34:18,446 - INFO - {'e': 'aggTrade', 'E': 1699272258047, 's': 'ETHUSDT', 'a': 953388720, 'p': '1895.48000000', 'q': '0.02580000', 'f': 1224546351, 'l': 1224546352, 'T': 1699272258046, 'm': False, 'M': True}
2023-11-06 17:34:20,491 - INFO - {'e': 'aggTrade', 'E': 1699272260256, 's': 'BTCUSDT', 'a': 2748576867, 'p': '35203.59000000', 'q': '0.00025000', 'f': 3270231166, 'l': 3270231166, 'T': 1699272260256, 'm': False, 'M': True}
2023-11-06 17:34:20,493 - INFO - {'e': 'aggTrade', 'E': 1699272260256, 's': 'BTCUSDT', 'a': 2748576867, 'p': '35203.59000000', 'q': '0.00025000', 'f': 3270231166, 'l': 3270231166, 'T': 1699272260256, 'm': False, 'M': True}
2023-11-06 17:34:22,534 - INFO - {'e': 'aggTrade', 'E': 1699272262367, 's': 'BTCUSDT', 'a': 2748576888, 'p': '35203.58000000', 'q': '0.07675000', 'f': 3270231187, 'l': 3270231188, 'T': 1699272262363, 'm': True, 'M': True}
2023-11-06 17:34:22,537 - INFO - {'e': 'aggTrade', 'E': 1699272262367, 's': 'BTCUSDT', 'a': 2748576888, 'p': '35203.58000000', 'q': '0.07675000', 'f': 3270231187, 'l': 3270231188, 'T': 1699272262363, 'm': True, 'M': True}
2023-11-06 17:34:24,575 - INFO - {'e': 'aggTrade', 'E': 1699272264399, 's': 'ETHUSDT', 'a': 953388748, 'p': '1895.71000000', 'q': '0.10000000', 'f': 1224546385, 'l': 1224546385, 'T': 1699272264399, 'm': True, 'M': True}
2023-11-06 17:34:24,575 - INFO - {'e': 'aggTrade', 'E': 1699272264399, 's': 'ETHUSDT', 'a': 953388748, 'p': '1895.71000000', 'q': '0.10000000', 'f': 1224546385, 'l': 1224546385, 'T': 1699272264399, 'm': True, 'M': True}
2023-11-06 17:34:26,636 - INFO - {'e': 'aggTrade', 'E': 1699272266556, 's': 'BTCUSDT', 'a': 2748576908, 'p': '35203.58000000', 'q': '0.00185000', 'f': 3270231208, 'l': 3270231208, 'T': 1699272266555, 'm': True, 'M': True}
2023-11-06 17:34:26,639 - INFO - {'e': 'aggTrade', 'E': 1699272266556, 's': 'BTCUSDT', 'a': 2748576908, 'p': '35203.58000000', 'q': '0.00185000', 'f': 3270231208, 'l': 3270231208, 'T': 1699272266555, 'm': True, 'M': True}
2023-11-06 17:34:28,669 - INFO - {'e': 'aggTrade', 'E': 1699272268610, 's': 'BTCUSDT', 'a': 2748576920, 'p': '35203.58000000', 'q': '0.00388000', 'f': 3270231221, 'l': 3270231221, 'T': 1699272268609, 'm': True, 'M': True}
2023-11-06 17:34:28,669 - INFO - {'e': 'aggTrade', 'E': 1699272268610, 's': 'BTCUSDT', 'a': 2748576920, 'p': '35203.58000000', 'q': '0.00388000', 'f': 3270231221, 'l': 3270231221, 'T': 1699272268609, 'm': True, 'M': True}
2023-11-06 17:34:30,694 - INFO - {'e': 'aggTrade', 'E': 1699272270600, 's': 'BTCUSDT', 'a': 2748576933, 'p': '35203.58000000', 'q': '0.01869000', 'f': 3270231234, 'l': 3270231234, 'T': 1699272270600, 'm': True, 'M': True}
2023-11-06 17:34:30,694 - INFO - {'e': 'aggTrade', 'E': 1699272270600, 's': 'BTCUSDT', 'a': 2748576933, 'p': '35203.58000000', 'q': '0.01869000', 'f': 3270231234, 'l': 3270231234, 'T': 1699272270600, 'm': True, 'M': True}
2023-11-06 17:34:32,756 - INFO - {'e': 'aggTrade', 'E': 1699272272398, 's': 'ETHUSDT', 'a': 953388768, 'p': '1895.72000000', 'q': '0.10420000', 'f': 1224546406, 'l': 1224546406, 'T': 1699272272397, 'm': False, 'M': True}
2023-11-06 17:34:32,756 - INFO - {'e': 'aggTrade', 'E': 1699272272398, 's': 'ETHUSDT', 'a': 953388768, 'p': '1895.72000000', 'q': '0.10420000', 'f': 1224546406, 'l': 1224546406, 'T': 1699272272397, 'm': False, 'M': True}
2023-11-06 17:34:34,811 - INFO - {'e': 'aggTrade', 'E': 1699272274565, 's': 'ETHUSDT', 'a': 953388773, 'p': '1895.72000000', 'q': '0.01180000', 'f': 1224546411, 'l': 1224546411, 'T': 1699272274564, 'm': False, 'M': True}
2023-11-06 17:34:34,812 - INFO - {'e': 'aggTrade', 'E': 1699272274565, 's': 'ETHUSDT', 'a': 953388773, 'p': '1895.72000000', 'q': '0.01180000', 'f': 1224546411, 'l': 1224546411, 'T': 1699272274564, 'm': False, 'M': True}
2023-11-06 17:34:36,856 - INFO - {'e': 'aggTrade', 'E': 1699272276643, 's': 'BTCUSDT', 'a': 2748576954, 'p': '35203.19000000', 'q': '0.00124000', 'f': 3270231264, 'l': 3270231264, 'T': 1699272276643, 'm': False, 'M': True}
2023-11-06 17:34:36,856 - INFO - {'e': 'aggTrade', 'E': 1699272276643, 's': 'BTCUSDT', 'a': 2748576954, 'p': '35203.19000000', 'q': '0.00124000', 'f': 3270231264, 'l': 3270231264, 'T': 1699272276643, 'm': False, 'M': True}
2023-11-06 17:34:38,921 - INFO - {'e': 'aggTrade', 'E': 1699272278842, 's': 'BTCUSDT', 'a': 2748576971, 'p': '35202.28000000', 'q': '0.00360000', 'f': 3270231285, 'l': 3270231285, 'T': 1699272278841, 'm': False, 'M': True}
2023-11-06 17:34:38,924 - INFO - {'e': 'aggTrade', 'E': 1699272278842, 's': 'BTCUSDT', 'a': 2748576971, 'p': '35202.28000000', 'q': '0.00360000', 'f': 3270231285, 'l': 3270231285, 'T': 1699272278841, 'm': False, 'M': True}
2023-11-06 17:34:40,989 - INFO - {'e': 'aggTrade', 'E': 1699272280775, 's': 'ETHUSDT', 'a': 953388779, 'p': '1895.72000000', 'q': '1.94640000', 'f': 1224546419, 'l': 1224546419, 'T': 1699272280775, 'm': False, 'M': True}
2023-11-06 17:34:40,992 - INFO - {'e': 'aggTrade', 'E': 1699272280775, 's': 'ETHUSDT', 'a': 953388779, 'p': '1895.72000000', 'q': '1.94640000', 'f': 1224546419, 'l': 1224546419, 'T': 1699272280775, 'm': False, 'M': True}
2023-11-06 17:34:43,052 - INFO - {'e': 'aggTrade', 'E': 1699272282992, 's': 'BTCUSDT', 'a': 2748576985, 'p': '35202.28000000', 'q': '0.00450000', 'f': 3270231299, 'l': 3270231299, 'T': 1699272282992, 'm': False, 'M': True}
2023-11-06 17:34:43,052 - INFO - {'e': 'aggTrade', 'E': 1699272282992, 's': 'BTCUSDT', 'a': 2748576985, 'p': '35202.28000000', 'q': '0.00450000', 'f': 3270231299, 'l': 3270231299, 'T': 1699272282992, 'm': False, 'M': True}
2023-11-06 17:34:45,101 - INFO - {'e': 'aggTrade', 'E': 1699272284724, 's': 'BTCUSDT', 'a': 2748576991, 'p': '35202.28000000', 'q': '0.00450000', 'f': 3270231308, 'l': 3270231308, 'T': 1699272284724, 'm': False, 'M': True}
2023-11-06 17:34:45,104 - INFO - {'e': 'aggTrade', 'E': 1699272284724, 's': 'BTCUSDT', 'a': 2748576991, 'p': '35202.28000000', 'q': '0.00450000', 'f': 3270231308, 'l': 3270231308, 'T': 1699272284724, 'm': False, 'M': True}
2023-11-06 17:34:47,127 - INFO - {'e': 'aggTrade', 'E': 1699272287057, 's': 'BTCUSDT', 'a': 2748577006, 'p': '35202.28000000', 'q': '0.00030000', 'f': 3270231325, 'l': 3270231325, 'T': 1699272287056, 'm': False, 'M': True}
2023-11-06 17:34:47,129 - INFO - {'e': 'aggTrade', 'E': 1699272287057, 's': 'BTCUSDT', 'a': 2748577006, 'p': '35202.28000000', 'q': '0.00030000', 'f': 3270231325, 'l': 3270231325, 'T': 1699272287056, 'm': False, 'M': True}
2023-11-06 17:34:49,169 - INFO - {'e': 'aggTrade', 'E': 1699272288986, 's': 'BTCUSDT', 'a': 2748577032, 'p': '35202.27000000', 'q': '0.00324000', 'f': 3270231353, 'l': 3270231353, 'T': 1699272288986, 'm': True, 'M': True}
2023-11-06 17:34:49,169 - INFO - {'e': 'aggTrade', 'E': 1699272288986, 's': 'BTCUSDT', 'a': 2748577032, 'p': '35202.27000000', 'q': '0.00324000', 'f': 3270231353, 'l': 3270231353, 'T': 1699272288986, 'm': True, 'M': True}
2023-11-06 17:34:51,225 - INFO - {'e': 'aggTrade', 'E': 1699272290931, 's': 'BTCUSDT', 'a': 2748577064, 'p': '35199.43000000', 'q': '0.00069000', 'f': 3270231414, 'l': 3270231414, 'T': 1699272290930, 'm': False, 'M': True}
2023-11-06 17:34:51,226 - INFO - {'e': 'aggTrade', 'E': 1699272290931, 's': 'BTCUSDT', 'a': 2748577064, 'p': '35199.43000000', 'q': '0.00069000', 'f': 3270231414, 'l': 3270231414, 'T': 1699272290930, 'm': False, 'M': True}
