2023-11-01 15:16:26,681 - INFO - {'e': 'aggTrade', 'E': 1698831987084, 's': 'BTCUSDT', 'a': 2743810386, 'p': '34456.02000000', 'q': '0.00059000', 'f': 3263921425, 'l': 3263921425, 'T': 1698831987084, 'm': True, 'M': True}
2023-11-01 15:16:26,688 - INFO - {'e': 'aggTrade', 'E': 1698831987084, 's': 'BTCUSDT', 'a': 2743810386, 'p': '34456.02000000', 'q': '0.00059000', 'f': 3263921425, 'l': 3263921425, 'T': 1698831987084, 'm': True, 'M': True}
2023-11-01 15:16:28,741 - INFO - {'e': 'aggTrade', 'E': 1698831988855, 's': 'ETHUSDT', 'a': 950812044, 'p': '1804.90000000', 'q': '0.59380000', 'f': 1220835489, 'l': 1220835489, 'T': 1698831988855, 'm': True, 'M': True}
2023-11-01 15:16:28,752 - INFO - {'e': 'aggTrade', 'E': 1698831988855, 's': 'ETHUSDT', 'a': 950812044, 'p': '1804.90000000', 'q': '0.59380000', 'f': 1220835489, 'l': 1220835489, 'T': 1698831988855, 'm': True, 'M': True}
2023-11-01 15:16:30,801 - INFO - {'e': 'aggTrade', 'E': 1698831991089, 's': 'BTCUSDT', 'a': 2743810400, 'p': '34456.03000000', 'q': '0.00328000', 'f': 3263921439, 'l': 3263921439, 'T': 1698831991088, 'm': False, 'M': True}
2023-11-01 15:16:30,803 - INFO - {'e': 'aggTrade', 'E': 1698831991089, 's': 'BTCUSDT', 'a': 2743810400, 'p': '34456.03000000', 'q': '0.00328000', 'f': 3263921439, 'l': 3263921439, 'T': 1698831991088, 'm': False, 'M': True}
2023-11-01 15:16:32,851 - INFO - {'e': 'aggTrade', 'E': 1698831993133, 's': 'ETHUSDT', 'a': 950812052, 'p': '1804.90000000', 'q': '0.05500000', 'f': 1220835497, 'l': 1220835497, 'T': 1698831993133, 'm': True, 'M': True}
2023-11-01 15:16:32,852 - INFO - {'e': 'aggTrade', 'E': 1698831993133, 's': 'ETHUSDT', 'a': 950812052, 'p': '1804.90000000', 'q': '0.05500000', 'f': 1220835497, 'l': 1220835497, 'T': 1698831993133, 'm': True, 'M': True}
2023-11-01 15:16:34,913 - INFO - {'e': 'aggTrade', 'E': 1698831993941, 's': 'BTCUSDT', 'a': 2743810412, 'p': '34456.02000000', 'q': '0.00047000', 'f': 3263921457, 'l': 3263921457, 'T': 1698831993940, 'm': True, 'M': True}
2023-11-01 15:16:34,915 - INFO - {'e': 'aggTrade', 'E': 1698831993941, 's': 'BTCUSDT', 'a': 2743810412, 'p': '34456.02000000', 'q': '0.00047000', 'f': 3263921457, 'l': 3263921457, 'T': 1698831993940, 'm': True, 'M': True}
2023-11-01 15:16:36,965 - INFO - {'e': 'aggTrade', 'E': 1698831997343, 's': 'BTCUSDT', 'a': 2743810415, 'p': '34456.02000000', 'q': '0.00465000', 'f': 3263921460, 'l': 3263921460, 'T': 1698831997342, 'm': True, 'M': True}
2023-11-01 15:16:36,970 - INFO - {'e': 'aggTrade', 'E': 1698831997343, 's': 'BTCUSDT', 'a': 2743810415, 'p': '34456.02000000', 'q': '0.00465000', 'f': 3263921460, 'l': 3263921460, 'T': 1698831997342, 'm': True, 'M': True}
2023-11-01 15:16:39,013 - INFO - {'e': 'aggTrade', 'E': 1698831999321, 's': 'ETHUSDT', 'a': 950812059, 'p': '1804.91000000', 'q': '0.03340000', 'f': 1220835505, 'l': 1220835505, 'T': 1698831999320, 'm': False, 'M': True}
2023-11-01 15:16:39,016 - INFO - {'e': 'aggTrade', 'E': 1698831999321, 's': 'ETHUSDT', 'a': 950812059, 'p': '1804.91000000', 'q': '0.03340000', 'f': 1220835505, 'l': 1220835505, 'T': 1698831999320, 'm': False, 'M': True}
2023-11-01 15:16:41,081 - INFO - {'e': 'aggTrade', 'E': 1698832001536, 's': 'BTCUSDT', 'a': 2743810432, 'p': '34456.03000000', 'q': '0.01846000', 'f': 3263921478, 'l': 3263921481, 'T': 1698832001535, 'm': False, 'M': True}
2023-11-01 15:16:41,083 - INFO - {'e': 'aggTrade', 'E': 1698832001536, 's': 'BTCUSDT', 'a': 2743810432, 'p': '34456.03000000', 'q': '0.01846000', 'f': 3263921478, 'l': 3263921481, 'T': 1698832001535, 'm': False, 'M': True}
2023-11-01 15:16:43,133 - INFO - {'e': 'aggTrade', 'E': 1698832003501, 's': 'BTCUSDT', 'a': 2743810435, 'p': '34456.02000000', 'q': '9.87283000', 'f': 3263921484, 'l': 3263921536, 'T': 1698832003499, 'm': True, 'M': True}
2023-11-01 15:16:43,133 - INFO - {'e': 'aggTrade', 'E': 1698832003501, 's': 'BTCUSDT', 'a': 2743810435, 'p': '34456.02000000', 'q': '9.87283000', 'f': 3263921484, 'l': 3263921536, 'T': 1698832003499, 'm': True, 'M': True}
2023-11-01 15:16:45,181 - INFO - {'e': 'aggTrade', 'E': 1698832005156, 's': 'BTCUSDT', 'a': 2743810441, 'p': '34456.02000000', 'q': '0.00126000', 'f': 3263921545, 'l': 3263921545, 'T': 1698832005155, 'm': True, 'M': True}
2023-11-01 15:16:45,184 - INFO - {'e': 'aggTrade', 'E': 1698832005156, 's': 'BTCUSDT', 'a': 2743810441, 'p': '34456.02000000', 'q': '0.00126000', 'f': 3263921545, 'l': 3263921545, 'T': 1698832005155, 'm': True, 'M': True}
2023-11-01 15:16:47,243 - INFO - {'e': 'aggTrade', 'E': 1698832007184, 's': 'BTCUSDT', 'a': 2743810444, 'p': '34456.02000000', 'q': '0.00027000', 'f': 3263921548, 'l': 3263921548, 'T': 1698832007184, 'm': True, 'M': True}
2023-11-01 15:16:47,247 - INFO - {'e': 'aggTrade', 'E': 1698832007184, 's': 'BTCUSDT', 'a': 2743810444, 'p': '34456.02000000', 'q': '0.00027000', 'f': 3263921548, 'l': 3263921548, 'T': 1698832007184, 'm': True, 'M': True}
2023-11-01 15:16:49,296 - INFO - {'e': 'aggTrade', 'E': 1698832009621, 's': 'ETHUSDT', 'a': 950812074, 'p': '1804.91000000', 'q': '0.05510000', 'f': 1220835525, 'l': 1220835525, 'T': 1698832009620, 'm': False, 'M': True}
2023-11-01 15:16:49,299 - INFO - {'e': 'aggTrade', 'E': 1698832009621, 's': 'ETHUSDT', 'a': 950812074, 'p': '1804.91000000', 'q': '0.05510000', 'f': 1220835525, 'l': 1220835525, 'T': 1698832009620, 'm': False, 'M': True}
2023-11-01 15:16:51,336 - INFO - {'e': 'aggTrade', 'E': 1698832011415, 's': 'BTCUSDT', 'a': 2743810452, 'p': '34456.03000000', 'q': '0.00516000', 'f': 3263921556, 'l': 3263921557, 'T': 1698832011414, 'm': False, 'M': True}
2023-11-01 15:16:51,336 - INFO - {'e': 'aggTrade', 'E': 1698832011415, 's': 'BTCUSDT', 'a': 2743810452, 'p': '34456.03000000', 'q': '0.00516000', 'f': 3263921556, 'l': 3263921557, 'T': 1698832011414, 'm': False, 'M': True}
2023-11-01 15:16:53,391 - INFO - {'e': 'aggTrade', 'E': 1698832013648, 's': 'ETHUSDT', 'a': 950812081, 'p': '1804.90000000', 'q': '0.11370000', 'f': 1220835532, 'l': 1220835532, 'T': 1698832013647, 'm': True, 'M': True}
2023-11-01 15:16:53,394 - INFO - {'e': 'aggTrade', 'E': 1698832013648, 's': 'ETHUSDT', 'a': 950812081, 'p': '1804.90000000', 'q': '0.11370000', 'f': 1220835532, 'l': 1220835532, 'T': 1698832013647, 'm': True, 'M': True}
2023-11-01 15:16:55,431 - INFO - {'e': 'aggTrade', 'E': 1698832015418, 's': 'BTCUSDT', 'a': 2743810467, 'p': '34456.03000000', 'q': '0.00433000', 'f': 3263921579, 'l': 3263921579, 'T': 1698832015417, 'm': False, 'M': True}
2023-11-01 15:16:55,433 - INFO - {'e': 'aggTrade', 'E': 1698832015418, 's': 'BTCUSDT', 'a': 2743810467, 'p': '34456.03000000', 'q': '0.00433000', 'f': 3263921579, 'l': 3263921579, 'T': 1698832015417, 'm': False, 'M': True}
2023-11-01 15:16:57,483 - INFO - {'e': 'aggTrade', 'E': 1698832017683, 's': 'ETHUSDT', 'a': 950812085, 'p': '1804.91000000', 'q': '0.03860000', 'f': 1220835536, 'l': 1220835536, 'T': 1698832017682, 'm': False, 'M': True}
2023-11-01 15:16:57,491 - INFO - {'e': 'aggTrade', 'E': 1698832017683, 's': 'ETHUSDT', 'a': 950812085, 'p': '1804.91000000', 'q': '0.03860000', 'f': 1220835536, 'l': 1220835536, 'T': 1698832017682, 'm': False, 'M': True}
2023-11-01 15:16:59,554 - INFO - {'e': 'aggTrade', 'E': 1698832019985, 's': 'ETHUSDT', 'a': 950812096, 'p': '1804.90000000', 'q': '0.01430000', 'f': 1220835547, 'l': 1220835547, 'T': 1698832019984, 'm': True, 'M': True}
2023-11-01 15:16:59,555 - INFO - {'e': 'aggTrade', 'E': 1698832019985, 's': 'ETHUSDT', 'a': 950812096, 'p': '1804.90000000', 'q': '0.01430000', 'f': 1220835547, 'l': 1220835547, 'T': 1698832019984, 'm': True, 'M': True}
2023-11-01 15:17:01,603 - INFO - {'e': 'aggTrade', 'E': 1698832022062, 's': 'BTCUSDT', 'a': 2743810530, 'p': '34456.02000000', 'q': '0.05000000', 'f': 3263921644, 'l': 3263921644, 'T': 1698832022062, 'm': True, 'M': True}
2023-11-01 15:17:01,604 - INFO - {'e': 'aggTrade', 'E': 1698832022062, 's': 'BTCUSDT', 'a': 2743810530, 'p': '34456.02000000', 'q': '0.05000000', 'f': 3263921644, 'l': 3263921644, 'T': 1698832022062, 'm': True, 'M': True}
2023-11-01 15:17:03,661 - INFO - {'e': 'aggTrade', 'E': 1698832023990, 's': 'BTCUSDT', 'a': 2743810544, 'p': '34456.03000000', 'q': '0.00019000', 'f': 3263921658, 'l': 3263921658, 'T': 1698832023989, 'm': False, 'M': True}
2023-11-01 15:17:03,663 - INFO - {'e': 'aggTrade', 'E': 1698832023990, 's': 'BTCUSDT', 'a': 2743810544, 'p': '34456.03000000', 'q': '0.00019000', 'f': 3263921658, 'l': 3263921658, 'T': 1698832023989, 'm': False, 'M': True}
2023-11-01 15:17:05,695 - INFO - {'e': 'aggTrade', 'E': 1698832023990, 's': 'BTCUSDT', 'a': 2743810544, 'p': '34456.03000000', 'q': '0.00019000', 'f': 3263921658, 'l': 3263921658, 'T': 1698832023989, 'm': False, 'M': True}
2023-11-01 15:17:05,698 - INFO - {'e': 'aggTrade', 'E': 1698832023990, 's': 'BTCUSDT', 'a': 2743810544, 'p': '34456.03000000', 'q': '0.00019000', 'f': 3263921658, 'l': 3263921658, 'T': 1698832023989, 'm': False, 'M': True}
2023-11-01 15:17:07,751 - INFO - {'e': 'aggTrade', 'E': 1698832028077, 's': 'ETHUSDT', 'a': 950812141, 'p': '1804.91000000', 'q': '0.00460000', 'f': 1220835595, 'l': 1220835595, 'T': 1698832028077, 'm': False, 'M': True}
2023-11-01 15:17:07,753 - INFO - {'e': 'aggTrade', 'E': 1698832028077, 's': 'ETHUSDT', 'a': 950812141, 'p': '1804.91000000', 'q': '0.00460000', 'f': 1220835595, 'l': 1220835595, 'T': 1698832028077, 'm': False, 'M': True}
2023-11-01 15:17:09,792 - INFO - {'e': 'aggTrade', 'E': 1698832030242, 's': 'ETHUSDT', 'a': 950812143, 'p': '1804.90000000', 'q': '0.02950000', 'f': 1220835597, 'l': 1220835597, 'T': 1698832030241, 'm': True, 'M': True}
2023-11-01 15:17:09,792 - INFO - {'e': 'aggTrade', 'E': 1698832030242, 's': 'ETHUSDT', 'a': 950812143, 'p': '1804.90000000', 'q': '0.02950000', 'f': 1220835597, 'l': 1220835597, 'T': 1698832030241, 'm': True, 'M': True}
2023-11-01 15:17:13,852 - ERROR - Exception Occured HTTPConnectionPool(host='localhost', port=5000): Max retries exceeded with url: /ltm (Caused by NewConnectionError('<urllib3.connection.HTTPConnection object at 0x000002CBE1812F10>: Failed to establish a new connection: [WinError 10061] No connection could be made because the target machine actively refused it'))
2023-11-01 15:17:13,852 - ERROR - No data available
2023-11-01 15:18:12,291 - INFO - {'e': 'aggTrade', 'E': 1698832092478, 's': 'BTCUSDT', 'a': 2743810865, 'p': '34454.50000000', 'q': '0.00073000', 'f': 3263922033, 'l': 3263922033, 'T': 1698832092477, 'm': False, 'M': True}
2023-11-01 15:18:12,291 - INFO - {'e': 'aggTrade', 'E': 1698832092478, 's': 'BTCUSDT', 'a': 2743810865, 'p': '34454.50000000', 'q': '0.00073000', 'f': 3263922033, 'l': 3263922033, 'T': 1698832092477, 'm': False, 'M': True}
2023-11-01 15:18:14,351 - INFO - {'e': 'aggTrade', 'E': 1698832093480, 's': 'BTCUSDT', 'a': 2743810869, 'p': '34454.44000000', 'q': '0.13270000', 'f': 3263922037, 'l': 3263922037, 'T': 1698832093479, 'm': True, 'M': True}
2023-11-01 15:18:14,353 - INFO - {'e': 'aggTrade', 'E': 1698832093480, 's': 'BTCUSDT', 'a': 2743810869, 'p': '34454.44000000', 'q': '0.13270000', 'f': 3263922037, 'l': 3263922037, 'T': 1698832093479, 'm': True, 'M': True}
2023-11-01 15:18:16,411 - INFO - {'e': 'aggTrade', 'E': 1698832096905, 's': 'BTCUSDT', 'a': 2743810878, 'p': '34454.40000000', 'q': '0.02563000', 'f': 3263922047, 'l': 3263922047, 'T': 1698832096904, 'm': True, 'M': True}
2023-11-01 15:18:16,412 - INFO - {'e': 'aggTrade', 'E': 1698832096905, 's': 'BTCUSDT', 'a': 2743810878, 'p': '34454.40000000', 'q': '0.02563000', 'f': 3263922047, 'l': 3263922047, 'T': 1698832096904, 'm': True, 'M': True}
2023-11-01 15:18:18,456 - INFO - {'e': 'aggTrade', 'E': 1698832098838, 's': 'ETHUSDT', 'a': 950812298, 'p': '1804.62000000', 'q': '0.01420000', 'f': 1220835792, 'l': 1220835792, 'T': 1698832098837, 'm': True, 'M': True}
2023-11-01 15:18:18,456 - INFO - {'e': 'aggTrade', 'E': 1698832098838, 's': 'ETHUSDT', 'a': 950812298, 'p': '1804.62000000', 'q': '0.01420000', 'f': 1220835792, 'l': 1220835792, 'T': 1698832098837, 'm': True, 'M': True}
2023-11-01 15:18:20,511 - INFO - {'e': 'aggTrade', 'E': 1698832100791, 's': 'ETHUSDT', 'a': 950812301, 'p': '1804.63000000', 'q': '0.03300000', 'f': 1220835795, 'l': 1220835795, 'T': 1698832100791, 'm': False, 'M': True}
2023-11-01 15:18:20,511 - INFO - {'e': 'aggTrade', 'E': 1698832100791, 's': 'ETHUSDT', 'a': 950812301, 'p': '1804.63000000', 'q': '0.03300000', 'f': 1220835795, 'l': 1220835795, 'T': 1698832100791, 'm': False, 'M': True}
2023-11-01 15:18:22,561 - INFO - {'e': 'aggTrade', 'E': 1698832102945, 's': 'ETHUSDT', 'a': 950812306, 'p': '1804.62000000', 'q': '0.30880000', 'f': 1220835808, 'l': 1220835810, 'T': 1698832102944, 'm': True, 'M': True}
2023-11-01 15:18:22,563 - INFO - {'e': 'aggTrade', 'E': 1698832102945, 's': 'ETHUSDT', 'a': 950812306, 'p': '1804.62000000', 'q': '0.30880000', 'f': 1220835808, 'l': 1220835810, 'T': 1698832102944, 'm': True, 'M': True}
2023-11-01 15:18:24,595 - INFO - {'e': 'aggTrade', 'E': 1698832104842, 's': 'BTCUSDT', 'a': 2743810899, 'p': '34454.40000000', 'q': '0.37277000', 'f': 3263922069, 'l': 3263922069, 'T': 1698832104841, 'm': True, 'M': True}
2023-11-01 15:18:24,595 - INFO - {'e': 'aggTrade', 'E': 1698832104842, 's': 'BTCUSDT', 'a': 2743810899, 'p': '34454.40000000', 'q': '0.37277000', 'f': 3263922069, 'l': 3263922069, 'T': 1698832104841, 'm': True, 'M': True}
2023-11-01 15:18:26,641 - INFO - {'e': 'aggTrade', 'E': 1698832106355, 's': 'ETHUSDT', 'a': 950812308, 'p': '1804.63000000', 'q': '0.33110000', 'f': 1220835812, 'l': 1220835812, 'T': 1698832106354, 'm': False, 'M': True}
2023-11-01 15:18:26,644 - INFO - {'e': 'aggTrade', 'E': 1698832106355, 's': 'ETHUSDT', 'a': 950812308, 'p': '1804.63000000', 'q': '0.33110000', 'f': 1220835812, 'l': 1220835812, 'T': 1698832106354, 'm': False, 'M': True}
2023-11-01 15:18:28,676 - INFO - {'e': 'aggTrade', 'E': 1698832108979, 's': 'BTCUSDT', 'a': 2743810911, 'p': '34454.41000000', 'q': '0.01704000', 'f': 3263922083, 'l': 3263922083, 'T': 1698832108979, 'm': False, 'M': True}
2023-11-01 15:18:28,679 - INFO - {'e': 'aggTrade', 'E': 1698832108979, 's': 'BTCUSDT', 'a': 2743810911, 'p': '34454.41000000', 'q': '0.01704000', 'f': 3263922083, 'l': 3263922083, 'T': 1698832108979, 'm': False, 'M': True}
2023-11-01 15:18:30,731 - INFO - {'e': 'aggTrade', 'E': 1698832111114, 's': 'BTCUSDT', 'a': 2743810920, 'p': '34454.10000000', 'q': '0.00067000', 'f': 3263922094, 'l': 3263922094, 'T': 1698832111114, 'm': True, 'M': True}
2023-11-01 15:18:30,731 - INFO - {'e': 'aggTrade', 'E': 1698832111114, 's': 'BTCUSDT', 'a': 2743810920, 'p': '34454.10000000', 'q': '0.00067000', 'f': 3263922094, 'l': 3263922094, 'T': 1698832111114, 'm': True, 'M': True}
2023-11-01 15:18:32,782 - INFO - {'e': 'aggTrade', 'E': 1698832113012, 's': 'BTCUSDT', 'a': 2743810944, 'p': '34453.93000000', 'q': '0.00005000', 'f': 3263922118, 'l': 3263922118, 'T': 1698832113012, 'm': True, 'M': True}
2023-11-01 15:18:32,787 - INFO - {'e': 'aggTrade', 'E': 1698832113012, 's': 'BTCUSDT', 'a': 2743810944, 'p': '34453.93000000', 'q': '0.00005000', 'f': 3263922118, 'l': 3263922118, 'T': 1698832113012, 'm': True, 'M': True}
2023-11-01 15:18:34,841 - INFO - {'e': 'aggTrade', 'E': 1698832114967, 's': 'BTCUSDT', 'a': 2743810963, 'p': '34452.85000000', 'q': '0.04550000', 'f': 3263922144, 'l': 3263922144, 'T': 1698832114966, 'm': True, 'M': True}
2023-11-01 15:18:34,841 - INFO - {'e': 'aggTrade', 'E': 1698832114967, 's': 'BTCUSDT', 'a': 2743810963, 'p': '34452.85000000', 'q': '0.04550000', 'f': 3263922144, 'l': 3263922144, 'T': 1698832114966, 'm': True, 'M': True}
2023-11-01 15:18:36,892 - INFO - {'e': 'aggTrade', 'E': 1698832117045, 's': 'BTCUSDT', 'a': 2743810970, 'p': '34452.85000000', 'q': '0.00554000', 'f': 3263922151, 'l': 3263922151, 'T': 1698832117044, 'm': False, 'M': True}
2023-11-01 15:18:36,892 - INFO - {'e': 'aggTrade', 'E': 1698832117045, 's': 'BTCUSDT', 'a': 2743810970, 'p': '34452.85000000', 'q': '0.00554000', 'f': 3263922151, 'l': 3263922151, 'T': 1698832117044, 'm': False, 'M': True}
2023-11-01 15:18:38,967 - INFO - {'e': 'aggTrade', 'E': 1698832119460, 's': 'BTCUSDT', 'a': 2743810985, 'p': '34452.84000000', 'q': '0.00525000', 'f': 3263922174, 'l': 3263922174, 'T': 1698832119460, 'm': True, 'M': True}
2023-11-01 15:18:38,968 - INFO - {'e': 'aggTrade', 'E': 1698832119460, 's': 'BTCUSDT', 'a': 2743810985, 'p': '34452.84000000', 'q': '0.00525000', 'f': 3263922174, 'l': 3263922174, 'T': 1698832119460, 'm': True, 'M': True}
2023-11-01 15:18:41,026 - INFO - {'e': 'aggTrade', 'E': 1698832121292, 's': 'BTCUSDT', 'a': 2743810990, 'p': '34452.85000000', 'q': '0.00238000', 'f': 3263922179, 'l': 3263922179, 'T': 1698832121292, 'm': False, 'M': True}
2023-11-01 15:18:41,030 - INFO - {'e': 'aggTrade', 'E': 1698832121292, 's': 'BTCUSDT', 'a': 2743810990, 'p': '34452.85000000', 'q': '0.00238000', 'f': 3263922179, 'l': 3263922179, 'T': 1698832121292, 'm': False, 'M': True}
2023-11-01 15:18:43,071 - INFO - {'e': 'aggTrade', 'E': 1698832123523, 's': 'ETHUSDT', 'a': 950812360, 'p': '1804.35000000', 'q': '0.40490000', 'f': 1220835885, 'l': 1220835886, 'T': 1698832123523, 'm': True, 'M': True}
2023-11-01 15:18:43,073 - INFO - {'e': 'aggTrade', 'E': 1698832123523, 's': 'ETHUSDT', 'a': 950812360, 'p': '1804.35000000', 'q': '0.40490000', 'f': 1220835885, 'l': 1220835886, 'T': 1698832123523, 'm': True, 'M': True}
2023-11-01 15:18:45,112 - INFO - {'e': 'aggTrade', 'E': 1698832125132, 's': 'BTCUSDT', 'a': 2743811029, 'p': '34451.20000000', 'q': '0.00019000', 'f': 3263922222, 'l': 3263922222, 'T': 1698832125131, 'm': False, 'M': True}
2023-11-01 15:18:45,121 - INFO - {'e': 'aggTrade', 'E': 1698832125132, 's': 'BTCUSDT', 'a': 2743811029, 'p': '34451.20000000', 'q': '0.00019000', 'f': 3263922222, 'l': 3263922222, 'T': 1698832125131, 'm': False, 'M': True}
2023-11-01 15:18:47,173 - INFO - {'e': 'aggTrade', 'E': 1698832127549, 's': 'ETHUSDT', 'a': 950812368, 'p': '1804.29000000', 'q': '0.12260000', 'f': 1220835897, 'l': 1220835897, 'T': 1698832127548, 'm': False, 'M': True}
2023-11-01 15:18:47,173 - INFO - {'e': 'aggTrade', 'E': 1698832127549, 's': 'ETHUSDT', 'a': 950812368, 'p': '1804.29000000', 'q': '0.12260000', 'f': 1220835897, 'l': 1220835897, 'T': 1698832127548, 'm': False, 'M': True}
2023-11-01 15:18:49,230 - INFO - {'e': 'aggTrade', 'E': 1698832129329, 's': 'BTCUSDT', 'a': 2743811049, 'p': '34450.79000000', 'q': '0.00161000', 'f': 3263922242, 'l': 3263922242, 'T': 1698832129328, 'm': False, 'M': True}
2023-11-01 15:18:49,233 - INFO - {'e': 'aggTrade', 'E': 1698832129329, 's': 'BTCUSDT', 'a': 2743811049, 'p': '34450.79000000', 'q': '0.00161000', 'f': 3263922242, 'l': 3263922242, 'T': 1698832129328, 'm': False, 'M': True}
2023-11-01 15:18:51,281 - INFO - {'e': 'aggTrade', 'E': 1698832131574, 's': 'ETHUSDT', 'a': 950812373, 'p': '1804.29000000', 'q': '0.18550000', 'f': 1220835905, 'l': 1220835905, 'T': 1698832131573, 'm': False, 'M': True}
2023-11-01 15:18:51,286 - INFO - {'e': 'aggTrade', 'E': 1698832131574, 's': 'ETHUSDT', 'a': 950812373, 'p': '1804.29000000', 'q': '0.18550000', 'f': 1220835905, 'l': 1220835905, 'T': 1698832131573, 'm': False, 'M': True}
2023-11-01 15:18:53,325 - INFO - {'e': 'aggTrade', 'E': 1698832133683, 's': 'BTCUSDT', 'a': 2743811059, 'p': '34450.78000000', 'q': '0.00140000', 'f': 3263922252, 'l': 3263922252, 'T': 1698832133682, 'm': True, 'M': True}
2023-11-01 15:18:53,325 - INFO - {'e': 'aggTrade', 'E': 1698832133683, 's': 'BTCUSDT', 'a': 2743811059, 'p': '34450.78000000', 'q': '0.00140000', 'f': 3263922252, 'l': 3263922252, 'T': 1698832133682, 'm': True, 'M': True}
2023-11-01 15:18:55,382 - INFO - {'e': 'aggTrade', 'E': 1698832135812, 's': 'BTCUSDT', 'a': 2743811065, 'p': '34450.79000000', 'q': '0.00113000', 'f': 3263922258, 'l': 3263922258, 'T': 1698832135812, 'm': False, 'M': True}
2023-11-01 15:18:55,382 - INFO - {'e': 'aggTrade', 'E': 1698832135812, 's': 'BTCUSDT', 'a': 2743811065, 'p': '34450.79000000', 'q': '0.00113000', 'f': 3263922258, 'l': 3263922258, 'T': 1698832135812, 'm': False, 'M': True}
2023-11-01 15:18:57,411 - INFO - {'e': 'aggTrade', 'E': 1698832137805, 's': 'ETHUSDT', 'a': 950812388, 'p': '1804.24000000', 'q': '0.93500000', 'f': 1220835925, 'l': 1220835925, 'T': 1698832137804, 'm': True, 'M': True}
2023-11-01 15:18:57,421 - INFO - {'e': 'aggTrade', 'E': 1698832137805, 's': 'ETHUSDT', 'a': 950812388, 'p': '1804.24000000', 'q': '0.93500000', 'f': 1220835925, 'l': 1220835925, 'T': 1698832137804, 'm': True, 'M': True}
2023-11-01 15:18:59,488 - INFO - {'e': 'aggTrade', 'E': 1698832139807, 's': 'ETHUSDT', 'a': 950812395, 'p': '1804.24000000', 'q': '0.40850000', 'f': 1220835932, 'l': 1220835932, 'T': 1698832139807, 'm': True, 'M': True}
2023-11-01 15:18:59,489 - INFO - {'e': 'aggTrade', 'E': 1698832139807, 's': 'ETHUSDT', 'a': 950812395, 'p': '1804.24000000', 'q': '0.40850000', 'f': 1220835932, 'l': 1220835932, 'T': 1698832139807, 'm': True, 'M': True}
2023-11-01 15:19:01,551 - INFO - {'e': 'aggTrade', 'E': 1698832141665, 's': 'BTCUSDT', 'a': 2743811137, 'p': '34450.78000000', 'q': '0.00842000', 'f': 3263922330, 'l': 3263922330, 'T': 1698832141664, 'm': True, 'M': True}
2023-11-01 15:19:01,555 - INFO - {'e': 'aggTrade', 'E': 1698832141665, 's': 'BTCUSDT', 'a': 2743811137, 'p': '34450.78000000', 'q': '0.00842000', 'f': 3263922330, 'l': 3263922330, 'T': 1698832141664, 'm': True, 'M': True}
2023-11-01 15:19:03,616 - INFO - {'e': 'aggTrade', 'E': 1698832144035, 's': 'BTCUSDT', 'a': 2743811146, 'p': '34450.78000000', 'q': '0.00087000', 'f': 3263922339, 'l': 3263922339, 'T': 1698832144034, 'm': True, 'M': True}
2023-11-01 15:19:03,618 - INFO - {'e': 'aggTrade', 'E': 1698832144035, 's': 'BTCUSDT', 'a': 2743811146, 'p': '34450.78000000', 'q': '0.00087000', 'f': 3263922339, 'l': 3263922339, 'T': 1698832144034, 'm': True, 'M': True}
2023-11-01 15:19:05,649 - INFO - {'e': 'aggTrade', 'E': 1698832146107, 's': 'ETHUSDT', 'a': 950812443, 'p': '1804.24000000', 'q': '0.02000000', 'f': 1220835980, 'l': 1220835980, 'T': 1698832146107, 'm': True, 'M': True}
2023-11-01 15:19:05,652 - INFO - {'e': 'aggTrade', 'E': 1698832146107, 's': 'ETHUSDT', 'a': 950812443, 'p': '1804.24000000', 'q': '0.02000000', 'f': 1220835980, 'l': 1220835980, 'T': 1698832146107, 'm': True, 'M': True}
2023-11-01 15:19:07,681 - INFO - {'e': 'aggTrade', 'E': 1698832148045, 's': 'ETHUSDT', 'a': 950812446, 'p': '1804.25000000', 'q': '0.00680000', 'f': 1220835986, 'l': 1220835986, 'T': 1698832148045, 'm': False, 'M': True}
2023-11-01 15:19:07,686 - INFO - {'e': 'aggTrade', 'E': 1698832148045, 's': 'ETHUSDT', 'a': 950812446, 'p': '1804.25000000', 'q': '0.00680000', 'f': 1220835986, 'l': 1220835986, 'T': 1698832148045, 'm': False, 'M': True}
2023-11-01 15:19:09,726 - INFO - {'e': 'aggTrade', 'E': 1698832149948, 's': 'BTCUSDT', 'a': 2743811161, 'p': '34450.78000000', 'q': '0.00580000', 'f': 3263922354, 'l': 3263922354, 'T': 1698832149947, 'm': True, 'M': True}
2023-11-01 15:19:09,729 - INFO - {'e': 'aggTrade', 'E': 1698832149948, 's': 'BTCUSDT', 'a': 2743811161, 'p': '34450.78000000', 'q': '0.00580000', 'f': 3263922354, 'l': 3263922354, 'T': 1698832149947, 'm': True, 'M': True}
2023-11-01 15:19:11,773 - INFO - {'e': 'aggTrade', 'E': 1698832151851, 's': 'BTCUSDT', 'a': 2743811169, 'p': '34450.78000000', 'q': '0.00580000', 'f': 3263922362, 'l': 3263922362, 'T': 1698832151851, 'm': True, 'M': True}
2023-11-01 15:19:11,780 - INFO - {'e': 'aggTrade', 'E': 1698832151851, 's': 'BTCUSDT', 'a': 2743811169, 'p': '34450.78000000', 'q': '0.00580000', 'f': 3263922362, 'l': 3263922362, 'T': 1698832151851, 'm': True, 'M': True}
2023-11-01 15:19:13,843 - INFO - {'e': 'aggTrade', 'E': 1698832154190, 's': 'BTCUSDT', 'a': 2743811177, 'p': '34450.78000000', 'q': '0.00093000', 'f': 3263922370, 'l': 3263922370, 'T': 1698832154189, 'm': True, 'M': True}
2023-11-01 15:19:13,849 - INFO - {'e': 'aggTrade', 'E': 1698832154190, 's': 'BTCUSDT', 'a': 2743811177, 'p': '34450.78000000', 'q': '0.00093000', 'f': 3263922370, 'l': 3263922370, 'T': 1698832154189, 'm': True, 'M': True}
2023-11-01 15:19:15,892 - INFO - {'e': 'aggTrade', 'E': 1698832155949, 's': 'ETHUSDT', 'a': 950812457, 'p': '1804.24000000', 'q': '0.03590000', 'f': 1220836001, 'l': 1220836001, 'T': 1698832155948, 'm': True, 'M': True}
2023-11-01 15:19:15,892 - INFO - {'e': 'aggTrade', 'E': 1698832155949, 's': 'ETHUSDT', 'a': 950812457, 'p': '1804.24000000', 'q': '0.03590000', 'f': 1220836001, 'l': 1220836001, 'T': 1698832155948, 'm': True, 'M': True}
2023-11-01 15:19:17,947 - INFO - {'e': 'aggTrade', 'E': 1698832157433, 's': 'BTCUSDT', 'a': 2743811184, 'p': '34450.79000000', 'q': '0.00158000', 'f': 3263922377, 'l': 3263922377, 'T': 1698832157432, 'm': False, 'M': True}
2023-11-01 15:19:17,949 - INFO - {'e': 'aggTrade', 'E': 1698832157433, 's': 'BTCUSDT', 'a': 2743811184, 'p': '34450.79000000', 'q': '0.00158000', 'f': 3263922377, 'l': 3263922377, 'T': 1698832157432, 'm': False, 'M': True}
2023-11-01 15:19:19,999 - INFO - {'e': 'aggTrade', 'E': 1698832160109, 's': 'ETHUSDT', 'a': 950812471, 'p': '1804.24000000', 'q': '1.00000000', 'f': 1220836016, 'l': 1220836016, 'T': 1698832160109, 'm': True, 'M': True}
2023-11-01 15:19:20,001 - INFO - {'e': 'aggTrade', 'E': 1698832160109, 's': 'ETHUSDT', 'a': 950812471, 'p': '1804.24000000', 'q': '1.00000000', 'f': 1220836016, 'l': 1220836016, 'T': 1698832160109, 'm': True, 'M': True}
2023-11-01 15:19:22,043 - INFO - {'e': 'aggTrade', 'E': 1698832161945, 's': 'ETHUSDT', 'a': 950812475, 'p': '1804.25000000', 'q': '0.04520000', 'f': 1220836020, 'l': 1220836020, 'T': 1698832161945, 'm': False, 'M': True}
2023-11-01 15:19:22,049 - INFO - {'e': 'aggTrade', 'E': 1698832161945, 's': 'ETHUSDT', 'a': 950812475, 'p': '1804.25000000', 'q': '0.04520000', 'f': 1220836020, 'l': 1220836020, 'T': 1698832161945, 'm': False, 'M': True}
2023-11-01 15:19:24,101 - INFO - {'e': 'aggTrade', 'E': 1698832164223, 's': 'BTCUSDT', 'a': 2743811197, 'p': '34450.78000000', 'q': '0.04800000', 'f': 3263922390, 'l': 3263922390, 'T': 1698832164222, 'm': True, 'M': True}
2023-11-01 15:19:24,103 - INFO - {'e': 'aggTrade', 'E': 1698832164223, 's': 'BTCUSDT', 'a': 2743811197, 'p': '34450.78000000', 'q': '0.04800000', 'f': 3263922390, 'l': 3263922390, 'T': 1698832164222, 'm': True, 'M': True}
2023-11-01 15:19:26,173 - INFO - {'e': 'aggTrade', 'E': 1698832166525, 's': 'BTCUSDT', 'a': 2743811203, 'p': '34450.78000000', 'q': '0.00034000', 'f': 3263922396, 'l': 3263922396, 'T': 1698832166524, 'm': True, 'M': True}
2023-11-01 15:19:26,178 - INFO - {'e': 'aggTrade', 'E': 1698832166525, 's': 'BTCUSDT', 'a': 2743811203, 'p': '34450.78000000', 'q': '0.00034000', 'f': 3263922396, 'l': 3263922396, 'T': 1698832166524, 'm': True, 'M': True}
2023-11-01 15:19:28,223 - INFO - {'e': 'aggTrade', 'E': 1698832168303, 's': 'ETHUSDT', 'a': 950812485, 'p': '1804.25000000', 'q': '0.24810000', 'f': 1220836030, 'l': 1220836031, 'T': 1698832168302, 'm': False, 'M': True}
2023-11-01 15:19:28,226 - INFO - {'e': 'aggTrade', 'E': 1698832168303, 's': 'ETHUSDT', 'a': 950812485, 'p': '1804.25000000', 'q': '0.24810000', 'f': 1220836030, 'l': 1220836031, 'T': 1698832168302, 'm': False, 'M': True}
2023-11-01 15:19:30,271 - INFO - {'e': 'aggTrade', 'E': 1698832170142, 's': 'BTCUSDT', 'a': 2743811225, 'p': '34450.01000000', 'q': '0.00035000', 'f': 3263922429, 'l': 3263922429, 'T': 1698832170141, 'm': False, 'M': True}
2023-11-01 15:19:30,277 - INFO - {'e': 'aggTrade', 'E': 1698832170142, 's': 'BTCUSDT', 'a': 2743811225, 'p': '34450.01000000', 'q': '0.00035000', 'f': 3263922429, 'l': 3263922429, 'T': 1698832170141, 'm': False, 'M': True}
2023-11-01 15:19:32,298 - INFO - {'e': 'aggTrade', 'E': 1698832172007, 's': 'BTCUSDT', 'a': 2743811228, 'p': '34450.00000000', 'q': '0.00131000', 'f': 3263922432, 'l': 3263922432, 'T': 1698832172006, 'm': True, 'M': True}
2023-11-01 15:19:32,314 - INFO - {'e': 'aggTrade', 'E': 1698832172007, 's': 'BTCUSDT', 'a': 2743811228, 'p': '34450.00000000', 'q': '0.00131000', 'f': 3263922432, 'l': 3263922432, 'T': 1698832172006, 'm': True, 'M': True}
2023-11-01 15:19:34,367 - INFO - {'e': 'aggTrade', 'E': 1698832174835, 's': 'ETHUSDT', 'a': 950812490, 'p': '1804.25000000', 'q': '0.00280000', 'f': 1220836037, 'l': 1220836037, 'T': 1698832174834, 'm': False, 'M': True}
2023-11-01 15:19:34,367 - INFO - {'e': 'aggTrade', 'E': 1698832174835, 's': 'ETHUSDT', 'a': 950812490, 'p': '1804.25000000', 'q': '0.00280000', 'f': 1220836037, 'l': 1220836037, 'T': 1698832174834, 'm': False, 'M': True}
2023-11-01 15:19:36,423 - INFO - {'e': 'aggTrade', 'E': 1698832176567, 's': 'ETHUSDT', 'a': 950812491, 'p': '1804.25000000', 'q': '0.01000000', 'f': 1220836038, 'l': 1220836038, 'T': 1698832176566, 'm': False, 'M': True}
2023-11-01 15:19:36,438 - INFO - {'e': 'aggTrade', 'E': 1698832176567, 's': 'ETHUSDT', 'a': 950812491, 'p': '1804.25000000', 'q': '0.01000000', 'f': 1220836038, 'l': 1220836038, 'T': 1698832176566, 'm': False, 'M': True}
2023-11-01 15:19:38,484 - INFO - {'e': 'aggTrade', 'E': 1698832178937, 's': 'BTCUSDT', 'a': 2743811246, 'p': '34450.01000000', 'q': '0.00033000', 'f': 3263922454, 'l': 3263922454, 'T': 1698832178937, 'm': False, 'M': True}
2023-11-01 15:19:38,486 - INFO - {'e': 'aggTrade', 'E': 1698832178937, 's': 'BTCUSDT', 'a': 2743811246, 'p': '34450.01000000', 'q': '0.00033000', 'f': 3263922454, 'l': 3263922454, 'T': 1698832178937, 'm': False, 'M': True}
2023-11-01 15:19:40,547 - INFO - {'e': 'aggTrade', 'E': 1698832181004, 's': 'BTCUSDT', 'a': 2743811251, 'p': '34450.00000000', 'q': '0.00016000', 'f': 3263922459, 'l': 3263922459, 'T': 1698832181003, 'm': True, 'M': True}
2023-11-01 15:19:40,547 - INFO - {'e': 'aggTrade', 'E': 1698832181004, 's': 'BTCUSDT', 'a': 2743811251, 'p': '34450.00000000', 'q': '0.00016000', 'f': 3263922459, 'l': 3263922459, 'T': 1698832181003, 'm': True, 'M': True}
2023-11-01 15:19:42,610 - INFO - {'e': 'aggTrade', 'E': 1698832182703, 's': 'BTCUSDT', 'a': 2743811257, 'p': '34450.00000000', 'q': '0.02751000', 'f': 3263922465, 'l': 3263922465, 'T': 1698832182702, 'm': True, 'M': True}
2023-11-01 15:19:42,610 - INFO - {'e': 'aggTrade', 'E': 1698832182703, 's': 'BTCUSDT', 'a': 2743811257, 'p': '34450.00000000', 'q': '0.02751000', 'f': 3263922465, 'l': 3263922465, 'T': 1698832182702, 'm': True, 'M': True}
2023-11-01 15:19:44,661 - INFO - {'e': 'aggTrade', 'E': 1698832185083, 's': 'BTCUSDT', 'a': 2743811266, 'p': '34450.01000000', 'q': '0.00084000', 'f': 3263922474, 'l': 3263922474, 'T': 1698832185082, 'm': False, 'M': True}
2023-11-01 15:19:44,676 - INFO - {'e': 'aggTrade', 'E': 1698832185083, 's': 'BTCUSDT', 'a': 2743811266, 'p': '34450.01000000', 'q': '0.00084000', 'f': 3263922474, 'l': 3263922474, 'T': 1698832185082, 'm': False, 'M': True}
2023-11-01 15:19:46,705 - INFO - {'e': 'aggTrade', 'E': 1698832186910, 's': 'ETHUSDT', 'a': 950812503, 'p': '1804.25000000', 'q': '0.04510000', 'f': 1220836056, 'l': 1220836056, 'T': 1698832186909, 'm': False, 'M': True}
2023-11-01 15:19:46,722 - INFO - {'e': 'aggTrade', 'E': 1698832186910, 's': 'ETHUSDT', 'a': 950812503, 'p': '1804.25000000', 'q': '0.04510000', 'f': 1220836056, 'l': 1220836056, 'T': 1698832186909, 'm': False, 'M': True}
2023-11-01 15:19:48,743 - INFO - {'e': 'aggTrade', 'E': 1698832189246, 's': 'BTCUSDT', 'a': 2743811283, 'p': '34450.01000000', 'q': '0.00049000', 'f': 3263922492, 'l': 3263922492, 'T': 1698832189245, 'm': False, 'M': True}
2023-11-01 15:19:48,759 - INFO - {'e': 'aggTrade', 'E': 1698832189246, 's': 'BTCUSDT', 'a': 2743811283, 'p': '34450.01000000', 'q': '0.00049000', 'f': 3263922492, 'l': 3263922492, 'T': 1698832189245, 'm': False, 'M': True}
2023-11-01 15:19:50,797 - INFO - {'e': 'aggTrade', 'E': 1698832190694, 's': 'BTCUSDT', 'a': 2743811289, 'p': '34449.94000000', 'q': '0.00278000', 'f': 3263922514, 'l': 3263922514, 'T': 1698832190694, 'm': False, 'M': True}
2023-11-01 15:19:50,797 - INFO - {'e': 'aggTrade', 'E': 1698832190694, 's': 'BTCUSDT', 'a': 2743811289, 'p': '34449.94000000', 'q': '0.00278000', 'f': 3263922514, 'l': 3263922514, 'T': 1698832190694, 'm': False, 'M': True}
2023-11-01 15:19:52,846 - INFO - {'e': 'aggTrade', 'E': 1698832193038, 's': 'BTCUSDT', 'a': 2743811304, 'p': '34449.60000000', 'q': '0.00045000', 'f': 3263922530, 'l': 3263922530, 'T': 1698832193038, 'm': True, 'M': True}
2023-11-01 15:19:52,861 - INFO - {'e': 'aggTrade', 'E': 1698832193038, 's': 'BTCUSDT', 'a': 2743811304, 'p': '34449.60000000', 'q': '0.00045000', 'f': 3263922530, 'l': 3263922530, 'T': 1698832193038, 'm': True, 'M': True}
2023-11-01 15:19:54,904 - INFO - {'e': 'aggTrade', 'E': 1698832194966, 's': 'BTCUSDT', 'a': 2743811311, 'p': '34449.39000000', 'q': '0.09745000', 'f': 3263922537, 'l': 3263922538, 'T': 1698832194965, 'm': False, 'M': True}
2023-11-01 15:19:54,919 - INFO - {'e': 'aggTrade', 'E': 1698832194966, 's': 'BTCUSDT', 'a': 2743811311, 'p': '34449.39000000', 'q': '0.09745000', 'f': 3263922537, 'l': 3263922538, 'T': 1698832194965, 'm': False, 'M': True}
2023-11-01 15:19:56,960 - INFO - {'e': 'aggTrade', 'E': 1698832197336, 's': 'BTCUSDT', 'a': 2743811320, 'p': '34449.16000000', 'q': '0.00063000', 'f': 3263922547, 'l': 3263922547, 'T': 1698832197336, 'm': True, 'M': True}
2023-11-01 15:19:56,976 - INFO - {'e': 'aggTrade', 'E': 1698832197336, 's': 'BTCUSDT', 'a': 2743811320, 'p': '34449.16000000', 'q': '0.00063000', 'f': 3263922547, 'l': 3263922547, 'T': 1698832197336, 'm': True, 'M': True}
2023-11-01 15:19:59,039 - INFO - {'e': 'aggTrade', 'E': 1698832199363, 's': 'ETHUSDT', 'a': 950812508, 'p': '1804.25000000', 'q': '0.00500000', 'f': 1220836061, 'l': 1220836061, 'T': 1698832199363, 'm': False, 'M': True}
2023-11-01 15:19:59,039 - INFO - {'e': 'aggTrade', 'E': 1698832199363, 's': 'ETHUSDT', 'a': 950812508, 'p': '1804.25000000', 'q': '0.00500000', 'f': 1220836061, 'l': 1220836061, 'T': 1698832199363, 'm': False, 'M': True}
2023-11-01 15:20:01,108 - INFO - {'e': 'aggTrade', 'E': 1698832201584, 's': 'BTCUSDT', 'a': 2743811393, 'p': '34448.32000000', 'q': '0.00016000', 'f': 3263922622, 'l': 3263922622, 'T': 1698832201584, 'm': False, 'M': True}
2023-11-01 15:20:01,108 - INFO - {'e': 'aggTrade', 'E': 1698832201584, 's': 'BTCUSDT', 'a': 2743811393, 'p': '34448.32000000', 'q': '0.00016000', 'f': 3263922622, 'l': 3263922622, 'T': 1698832201584, 'm': False, 'M': True}
2023-11-01 15:20:03,142 - INFO - {'e': 'aggTrade', 'E': 1698832203596, 's': 'BTCUSDT', 'a': 2743811410, 'p': '34448.20000000', 'q': '0.00102000', 'f': 3263922639, 'l': 3263922639, 'T': 1698832203596, 'm': True, 'M': True}
2023-11-01 15:20:03,144 - INFO - {'e': 'aggTrade', 'E': 1698832203596, 's': 'BTCUSDT', 'a': 2743811410, 'p': '34448.20000000', 'q': '0.00102000', 'f': 3263922639, 'l': 3263922639, 'T': 1698832203596, 'm': True, 'M': True}
2023-11-01 15:20:05,172 - INFO - {'e': 'aggTrade', 'E': 1698832205136, 's': 'BTCUSDT', 'a': 2743811427, 'p': '34446.93000000', 'q': '0.00032000', 'f': 3263922660, 'l': 3263922660, 'T': 1698832205136, 'm': True, 'M': True}
2023-11-01 15:20:05,187 - INFO - {'e': 'aggTrade', 'E': 1698832205136, 's': 'BTCUSDT', 'a': 2743811427, 'p': '34446.93000000', 'q': '0.00032000', 'f': 3263922660, 'l': 3263922660, 'T': 1698832205136, 'm': True, 'M': True}
2023-11-01 15:20:07,225 - INFO - {'e': 'aggTrade', 'E': 1698832207718, 's': 'BTCUSDT', 'a': 2743811458, 'p': '34445.89000000', 'q': '0.00131000', 'f': 3263922694, 'l': 3263922694, 'T': 1698832207717, 'm': True, 'M': True}
2023-11-01 15:20:07,225 - INFO - {'e': 'aggTrade', 'E': 1698832207718, 's': 'BTCUSDT', 'a': 2743811458, 'p': '34445.89000000', 'q': '0.00131000', 'f': 3263922694, 'l': 3263922694, 'T': 1698832207717, 'm': True, 'M': True}
2023-11-01 15:20:09,279 - INFO - {'e': 'aggTrade', 'E': 1698832209524, 's': 'BTCUSDT', 'a': 2743811527, 'p': '34444.00000000', 'q': '0.00611000', 'f': 3263922768, 'l': 3263922769, 'T': 1698832209524, 'm': False, 'M': True}
2023-11-01 15:20:09,279 - INFO - {'e': 'aggTrade', 'E': 1698832209524, 's': 'BTCUSDT', 'a': 2743811527, 'p': '34444.00000000', 'q': '0.00611000', 'f': 3263922768, 'l': 3263922769, 'T': 1698832209524, 'm': False, 'M': True}
2023-11-01 15:20:11,342 - INFO - {'e': 'aggTrade', 'E': 1698832211553, 's': 'BTCUSDT', 'a': 2743811547, 'p': '34443.99000000', 'q': '0.00160000', 'f': 3263922790, 'l': 3263922790, 'T': 1698832211552, 'm': True, 'M': True}
2023-11-01 15:20:11,357 - INFO - {'e': 'aggTrade', 'E': 1698832211553, 's': 'BTCUSDT', 'a': 2743811547, 'p': '34443.99000000', 'q': '0.00160000', 'f': 3263922790, 'l': 3263922790, 'T': 1698832211552, 'm': True, 'M': True}
2023-11-01 15:20:13,419 - INFO - {'e': 'aggTrade', 'E': 1698832213514, 's': 'ETHUSDT', 'a': 950812758, 'p': '1803.95000000', 'q': '0.64460000', 'f': 1220836442, 'l': 1220836442, 'T': 1698832213514, 'm': True, 'M': True}
2023-11-01 15:20:13,419 - INFO - {'e': 'aggTrade', 'E': 1698832213514, 's': 'ETHUSDT', 'a': 950812758, 'p': '1803.95000000', 'q': '0.64460000', 'f': 1220836442, 'l': 1220836442, 'T': 1698832213514, 'm': True, 'M': True}
2023-11-01 15:20:15,466 - INFO - {'e': 'aggTrade', 'E': 1698832215286, 's': 'BTCUSDT', 'a': 2743811555, 'p': '34443.99000000', 'q': '0.00122000', 'f': 3263922798, 'l': 3263922798, 'T': 1698832215285, 'm': True, 'M': True}
2023-11-01 15:20:15,468 - INFO - {'e': 'aggTrade', 'E': 1698832215286, 's': 'BTCUSDT', 'a': 2743811555, 'p': '34443.99000000', 'q': '0.00122000', 'f': 3263922798, 'l': 3263922798, 'T': 1698832215285, 'm': True, 'M': True}
2023-11-01 15:20:17,505 - INFO - {'e': 'aggTrade', 'E': 1698832217859, 's': 'ETHUSDT', 'a': 950812767, 'p': '1803.96000000', 'q': '0.00280000', 'f': 1220836459, 'l': 1220836459, 'T': 1698832217858, 'm': False, 'M': True}
2023-11-01 15:20:17,505 - INFO - {'e': 'aggTrade', 'E': 1698832217859, 's': 'ETHUSDT', 'a': 950812767, 'p': '1803.96000000', 'q': '0.00280000', 'f': 1220836459, 'l': 1220836459, 'T': 1698832217858, 'm': False, 'M': True}
2023-11-01 15:20:19,551 - INFO - {'e': 'aggTrade', 'E': 1698832219845, 's': 'BTCUSDT', 'a': 2743811582, 'p': '34444.00000000', 'q': '0.03700000', 'f': 3263922825, 'l': 3263922826, 'T': 1698832219844, 'm': False, 'M': True}
2023-11-01 15:20:19,567 - INFO - {'e': 'aggTrade', 'E': 1698832219845, 's': 'BTCUSDT', 'a': 2743811582, 'p': '34444.00000000', 'q': '0.03700000', 'f': 3263922825, 'l': 3263922826, 'T': 1698832219844, 'm': False, 'M': True}
2023-11-01 15:20:21,603 - INFO - {'e': 'aggTrade', 'E': 1698832222091, 's': 'ETHUSDT', 'a': 950812774, 'p': '1803.96000000', 'q': '0.04150000', 'f': 1220836471, 'l': 1220836471, 'T': 1698832222090, 'm': False, 'M': True}
2023-11-01 15:20:21,603 - INFO - {'e': 'aggTrade', 'E': 1698832222091, 's': 'ETHUSDT', 'a': 950812774, 'p': '1803.96000000', 'q': '0.04150000', 'f': 1220836471, 'l': 1220836471, 'T': 1698832222090, 'm': False, 'M': True}
2023-11-01 15:20:23,670 - INFO - {'e': 'aggTrade', 'E': 1698832224096, 's': 'ETHUSDT', 'a': 950812779, 'p': '1803.96000000', 'q': '0.03300000', 'f': 1220836477, 'l': 1220836477, 'T': 1698832224095, 'm': False, 'M': True}
2023-11-01 15:20:23,671 - INFO - {'e': 'aggTrade', 'E': 1698832224096, 's': 'ETHUSDT', 'a': 950812779, 'p': '1803.96000000', 'q': '0.03300000', 'f': 1220836477, 'l': 1220836477, 'T': 1698832224095, 'm': False, 'M': True}
2023-11-01 15:20:25,712 - INFO - {'e': 'aggTrade', 'E': 1698832225966, 's': 'BTCUSDT', 'a': 2743811606, 'p': '34443.99000000', 'q': '0.00523000', 'f': 3263922851, 'l': 3263922851, 'T': 1698832225965, 'm': True, 'M': True}
2023-11-01 15:20:25,712 - INFO - {'e': 'aggTrade', 'E': 1698832225966, 's': 'BTCUSDT', 'a': 2743811606, 'p': '34443.99000000', 'q': '0.00523000', 'f': 3263922851, 'l': 3263922851, 'T': 1698832225965, 'm': True, 'M': True}
2023-11-01 15:20:27,777 - INFO - {'e': 'aggTrade', 'E': 1698832228067, 's': 'ETHUSDT', 'a': 950812782, 'p': '1803.95000000', 'q': '0.27670000', 'f': 1220836480, 'l': 1220836480, 'T': 1698832228066, 'm': True, 'M': True}
2023-11-01 15:20:27,792 - INFO - {'e': 'aggTrade', 'E': 1698832228067, 's': 'ETHUSDT', 'a': 950812782, 'p': '1803.95000000', 'q': '0.27670000', 'f': 1220836480, 'l': 1220836480, 'T': 1698832228066, 'm': True, 'M': True}
2023-11-01 15:20:29,859 - INFO - {'e': 'aggTrade', 'E': 1698832230140, 's': 'ETHUSDT', 'a': 950812787, 'p': '1803.96000000', 'q': '0.05820000', 'f': 1220836485, 'l': 1220836485, 'T': 1698832230139, 'm': False, 'M': True}
2023-11-01 15:20:29,859 - INFO - {'e': 'aggTrade', 'E': 1698832230140, 's': 'ETHUSDT', 'a': 950812787, 'p': '1803.96000000', 'q': '0.05820000', 'f': 1220836485, 'l': 1220836485, 'T': 1698832230139, 'm': False, 'M': True}
2023-11-01 15:20:31,900 - INFO - {'e': 'aggTrade', 'E': 1698832232052, 's': 'BTCUSDT', 'a': 2743811633, 'p': '34443.99000000', 'q': '0.00091000', 'f': 3263922879, 'l': 3263922879, 'T': 1698832232052, 'm': True, 'M': True}
2023-11-01 15:20:31,916 - INFO - {'e': 'aggTrade', 'E': 1698832232052, 's': 'BTCUSDT', 'a': 2743811633, 'p': '34443.99000000', 'q': '0.00091000', 'f': 3263922879, 'l': 3263922879, 'T': 1698832232052, 'm': True, 'M': True}
2023-11-01 15:20:33,969 - INFO - {'e': 'aggTrade', 'E': 1698832234431, 's': 'BTCUSDT', 'a': 2743811642, 'p': '34444.00000000', 'q': '0.00038000', 'f': 3263922888, 'l': 3263922888, 'T': 1698832234430, 'm': False, 'M': True}
2023-11-01 15:20:33,970 - INFO - {'e': 'aggTrade', 'E': 1698832234431, 's': 'BTCUSDT', 'a': 2743811642, 'p': '34444.00000000', 'q': '0.00038000', 'f': 3263922888, 'l': 3263922888, 'T': 1698832234430, 'm': False, 'M': True}
2023-11-01 15:20:36,017 - INFO - {'e': 'aggTrade', 'E': 1698832236423, 's': 'BTCUSDT', 'a': 2743811646, 'p': '34444.00000000', 'q': '0.00174000', 'f': 3263922892, 'l': 3263922892, 'T': 1698832236422, 'm': False, 'M': True}
2023-11-01 15:20:36,033 - INFO - {'e': 'aggTrade', 'E': 1698832236423, 's': 'BTCUSDT', 'a': 2743811646, 'p': '34444.00000000', 'q': '0.00174000', 'f': 3263922892, 'l': 3263922892, 'T': 1698832236422, 'm': False, 'M': True}
2023-11-01 15:20:38,099 - INFO - {'e': 'aggTrade', 'E': 1698832238471, 's': 'BTCUSDT', 'a': 2743811690, 'p': '34447.40000000', 'q': '0.00630000', 'f': 3263922963, 'l': 3263922963, 'T': 1698832238469, 'm': False, 'M': True}
2023-11-01 15:20:38,101 - INFO - {'e': 'aggTrade', 'E': 1698832238471, 's': 'BTCUSDT', 'a': 2743811690, 'p': '34447.40000000', 'q': '0.00630000', 'f': 3263922963, 'l': 3263922963, 'T': 1698832238469, 'm': False, 'M': True}
2023-11-01 15:20:40,143 - INFO - {'e': 'aggTrade', 'E': 1698832240594, 's': 'BTCUSDT', 'a': 2743811728, 'p': '34450.01000000', 'q': '0.00036000', 'f': 3263923018, 'l': 3263923018, 'T': 1698832240593, 'm': False, 'M': True}
2023-11-01 15:20:40,145 - INFO - {'e': 'aggTrade', 'E': 1698832240594, 's': 'BTCUSDT', 'a': 2743811728, 'p': '34450.01000000', 'q': '0.00036000', 'f': 3263923018, 'l': 3263923018, 'T': 1698832240593, 'm': False, 'M': True}
2023-11-01 15:20:42,218 - INFO - {'e': 'aggTrade', 'E': 1698832242634, 's': 'BTCUSDT', 'a': 2743811748, 'p': '34451.03000000', 'q': '0.00019000', 'f': 3263923053, 'l': 3263923053, 'T': 1698832242634, 'm': False, 'M': True}
2023-11-01 15:20:42,219 - INFO - {'e': 'aggTrade', 'E': 1698832242634, 's': 'BTCUSDT', 'a': 2743811748, 'p': '34451.03000000', 'q': '0.00019000', 'f': 3263923053, 'l': 3263923053, 'T': 1698832242634, 'm': False, 'M': True}
2023-11-01 15:20:44,255 - INFO - {'e': 'aggTrade', 'E': 1698832244308, 's': 'BTCUSDT', 'a': 2743811760, 'p': '34451.07000000', 'q': '0.00014000', 'f': 3263923065, 'l': 3263923065, 'T': 1698832244308, 'm': False, 'M': True}
2023-11-01 15:20:44,255 - INFO - {'e': 'aggTrade', 'E': 1698832244308, 's': 'BTCUSDT', 'a': 2743811760, 'p': '34451.07000000', 'q': '0.00014000', 'f': 3263923065, 'l': 3263923065, 'T': 1698832244308, 'm': False, 'M': True}
2023-11-01 15:20:46,306 - INFO - {'e': 'aggTrade', 'E': 1698832246591, 's': 'ETHUSDT', 'a': 950812850, 'p': '1804.46000000', 'q': '0.01000000', 'f': 1220836593, 'l': 1220836593, 'T': 1698832246591, 'm': False, 'M': True}
2023-11-01 15:20:46,322 - INFO - {'e': 'aggTrade', 'E': 1698832246591, 's': 'ETHUSDT', 'a': 950812850, 'p': '1804.46000000', 'q': '0.01000000', 'f': 1220836593, 'l': 1220836593, 'T': 1698832246591, 'm': False, 'M': True}
2023-11-01 15:20:48,381 - INFO - {'e': 'aggTrade', 'E': 1698832248852, 's': 'ETHUSDT', 'a': 950812852, 'p': '1804.46000000', 'q': '0.03300000', 'f': 1220836595, 'l': 1220836595, 'T': 1698832248851, 'm': False, 'M': True}
2023-11-01 15:20:48,381 - INFO - {'e': 'aggTrade', 'E': 1698832248852, 's': 'ETHUSDT', 'a': 950812852, 'p': '1804.46000000', 'q': '0.03300000', 'f': 1220836595, 'l': 1220836595, 'T': 1698832248851, 'm': False, 'M': True}
2023-11-01 15:20:50,428 - INFO - {'e': 'aggTrade', 'E': 1698832250817, 's': 'BTCUSDT', 'a': 2743811782, 'p': '34451.45000000', 'q': '0.00090000', 'f': 3263923097, 'l': 3263923097, 'T': 1698832250817, 'm': False, 'M': True}
2023-11-01 15:20:50,444 - INFO - {'e': 'aggTrade', 'E': 1698832250817, 's': 'BTCUSDT', 'a': 2743811782, 'p': '34451.45000000', 'q': '0.00090000', 'f': 3263923097, 'l': 3263923097, 'T': 1698832250817, 'm': False, 'M': True}
2023-11-01 15:20:52,499 - INFO - {'e': 'aggTrade', 'E': 1698832252955, 's': 'BTCUSDT', 'a': 2743811788, 'p': '34451.44000000', 'q': '0.00084000', 'f': 3263923104, 'l': 3263923104, 'T': 1698832252954, 'm': True, 'M': True}
2023-11-01 15:20:52,500 - INFO - {'e': 'aggTrade', 'E': 1698832252955, 's': 'BTCUSDT', 'a': 2743811788, 'p': '34451.44000000', 'q': '0.00084000', 'f': 3263923104, 'l': 3263923104, 'T': 1698832252954, 'm': True, 'M': True}
2023-11-01 15:20:54,546 - INFO - {'e': 'aggTrade', 'E': 1698832253995, 's': 'BTCUSDT', 'a': 2743811791, 'p': '34451.44000000', 'q': '0.04800000', 'f': 3263923107, 'l': 3263923107, 'T': 1698832253995, 'm': True, 'M': True}
2023-11-01 15:20:54,561 - INFO - {'e': 'aggTrade', 'E': 1698832253995, 's': 'BTCUSDT', 'a': 2743811791, 'p': '34451.44000000', 'q': '0.04800000', 'f': 3263923107, 'l': 3263923107, 'T': 1698832253995, 'm': True, 'M': True}
2023-11-01 15:20:56,594 - INFO - {'e': 'aggTrade', 'E': 1698832256620, 's': 'ETHUSDT', 'a': 950812863, 'p': '1804.46000000', 'q': '0.00550000', 'f': 1220836623, 'l': 1220836623, 'T': 1698832256619, 'm': False, 'M': True}
2023-11-01 15:20:56,594 - INFO - {'e': 'aggTrade', 'E': 1698832256620, 's': 'ETHUSDT', 'a': 950812863, 'p': '1804.46000000', 'q': '0.00550000', 'f': 1220836623, 'l': 1220836623, 'T': 1698832256619, 'm': False, 'M': True}
2023-11-01 15:20:58,652 - INFO - {'e': 'aggTrade', 'E': 1698832258625, 's': 'BTCUSDT', 'a': 2743811800, 'p': '34451.45000000', 'q': '0.50000000', 'f': 3263923116, 'l': 3263923122, 'T': 1698832258624, 'm': False, 'M': True}
2023-11-01 15:20:58,654 - INFO - {'e': 'aggTrade', 'E': 1698832258625, 's': 'BTCUSDT', 'a': 2743811800, 'p': '34451.45000000', 'q': '0.50000000', 'f': 3263923116, 'l': 3263923122, 'T': 1698832258624, 'm': False, 'M': True}
2023-11-01 15:21:00,710 - INFO - {'e': 'aggTrade', 'E': 1698832261207, 's': 'BTCUSDT', 'a': 2743811868, 'p': '34451.45000000', 'q': '0.04895000', 'f': 3263923190, 'l': 3263923190, 'T': 1698832261206, 'm': False, 'M': True}
2023-11-01 15:21:00,710 - INFO - {'e': 'aggTrade', 'E': 1698832261207, 's': 'BTCUSDT', 'a': 2743811868, 'p': '34451.45000000', 'q': '0.04895000', 'f': 3263923190, 'l': 3263923190, 'T': 1698832261206, 'm': False, 'M': True}
2023-11-01 15:21:02,754 - INFO - {'e': 'aggTrade', 'E': 1698832263069, 's': 'ETHUSDT', 'a': 950812926, 'p': '1804.45000000', 'q': '0.45880000', 'f': 1220836687, 'l': 1220836689, 'T': 1698832263069, 'm': True, 'M': True}
2023-11-01 15:21:02,769 - INFO - {'e': 'aggTrade', 'E': 1698832263069, 's': 'ETHUSDT', 'a': 950812926, 'p': '1804.45000000', 'q': '0.45880000', 'f': 1220836687, 'l': 1220836689, 'T': 1698832263069, 'm': True, 'M': True}
2023-11-01 15:21:04,819 - INFO - {'e': 'aggTrade', 'E': 1698832265291, 's': 'BTCUSDT', 'a': 2743811884, 'p': '34451.44000000', 'q': '0.00164000', 'f': 3263923206, 'l': 3263923206, 'T': 1698832265290, 'm': True, 'M': True}
2023-11-01 15:21:04,821 - INFO - {'e': 'aggTrade', 'E': 1698832265291, 's': 'BTCUSDT', 'a': 2743811884, 'p': '34451.44000000', 'q': '0.00164000', 'f': 3263923206, 'l': 3263923206, 'T': 1698832265290, 'm': True, 'M': True}
2023-11-01 15:21:06,851 - INFO - {'e': 'aggTrade', 'E': 1698832267146, 's': 'BTCUSDT', 'a': 2743811889, 'p': '34451.44000000', 'q': '0.00145000', 'f': 3263923212, 'l': 3263923212, 'T': 1698832267145, 'm': True, 'M': True}
2023-11-01 15:21:06,867 - INFO - {'e': 'aggTrade', 'E': 1698832267146, 's': 'BTCUSDT', 'a': 2743811889, 'p': '34451.44000000', 'q': '0.00145000', 'f': 3263923212, 'l': 3263923212, 'T': 1698832267145, 'm': True, 'M': True}
2023-11-01 15:21:08,914 - INFO - {'e': 'aggTrade', 'E': 1698832269227, 's': 'BTCUSDT', 'a': 2743811899, 'p': '34451.44000000', 'q': '0.00763000', 'f': 3263923223, 'l': 3263923223, 'T': 1698832269226, 'm': True, 'M': True}
2023-11-01 15:21:08,914 - INFO - {'e': 'aggTrade', 'E': 1698832269227, 's': 'BTCUSDT', 'a': 2743811899, 'p': '34451.44000000', 'q': '0.00763000', 'f': 3263923223, 'l': 3263923223, 'T': 1698832269226, 'm': True, 'M': True}
2023-11-01 15:21:10,983 - INFO - {'e': 'aggTrade', 'E': 1698832271392, 's': 'ETHUSDT', 'a': 950813005, 'p': '1803.90000000', 'q': '0.10800000', 'f': 1220836820, 'l': 1220836820, 'T': 1698832271391, 'm': True, 'M': True}
2023-11-01 15:21:10,983 - INFO - {'e': 'aggTrade', 'E': 1698832271392, 's': 'ETHUSDT', 'a': 950813005, 'p': '1803.90000000', 'q': '0.10800000', 'f': 1220836820, 'l': 1220836820, 'T': 1698832271391, 'm': True, 'M': True}
2023-11-01 15:21:13,025 - INFO - {'e': 'aggTrade', 'E': 1698832272992, 's': 'ETHUSDT', 'a': 950813008, 'p': '1803.91000000', 'q': '0.00680000', 'f': 1220836823, 'l': 1220836823, 'T': 1698832272992, 'm': False, 'M': True}
2023-11-01 15:21:13,025 - INFO - {'e': 'aggTrade', 'E': 1698832272992, 's': 'ETHUSDT', 'a': 950813008, 'p': '1803.91000000', 'q': '0.00680000', 'f': 1220836823, 'l': 1220836823, 'T': 1698832272992, 'm': False, 'M': True}
2023-11-01 15:21:15,076 - INFO - {'e': 'aggTrade', 'E': 1698832275482, 's': 'BTCUSDT', 'a': 2743811923, 'p': '34451.44000000', 'q': '0.00078000', 'f': 3263923247, 'l': 3263923247, 'T': 1698832275481, 'm': True, 'M': True}
2023-11-01 15:21:15,076 - INFO - {'e': 'aggTrade', 'E': 1698832275482, 's': 'BTCUSDT', 'a': 2743811923, 'p': '34451.44000000', 'q': '0.00078000', 'f': 3263923247, 'l': 3263923247, 'T': 1698832275481, 'm': True, 'M': True}
2023-11-01 15:21:17,123 - INFO - {'e': 'aggTrade', 'E': 1698832277464, 's': 'BTCUSDT', 'a': 2743811931, 'p': '34451.45000000', 'q': '0.00032000', 'f': 3263923255, 'l': 3263923255, 'T': 1698832277463, 'm': False, 'M': True}
2023-11-01 15:21:17,123 - INFO - {'e': 'aggTrade', 'E': 1698832277464, 's': 'BTCUSDT', 'a': 2743811931, 'p': '34451.45000000', 'q': '0.00032000', 'f': 3263923255, 'l': 3263923255, 'T': 1698832277463, 'm': False, 'M': True}
2023-11-01 15:21:19,165 - INFO - {'e': 'aggTrade', 'E': 1698832278898, 's': 'ETHUSDT', 'a': 950813015, 'p': '1803.91000000', 'q': '0.00280000', 'f': 1220836831, 'l': 1220836831, 'T': 1698832278897, 'm': False, 'M': True}
2023-11-01 15:21:19,180 - INFO - {'e': 'aggTrade', 'E': 1698832278898, 's': 'ETHUSDT', 'a': 950813015, 'p': '1803.91000000', 'q': '0.00280000', 'f': 1220836831, 'l': 1220836831, 'T': 1698832278897, 'm': False, 'M': True}
2023-11-01 15:21:21,230 - INFO - {'e': 'aggTrade', 'E': 1698832281679, 's': 'BTCUSDT', 'a': 2743811935, 'p': '34451.45000000', 'q': '0.00043000', 'f': 3263923259, 'l': 3263923259, 'T': 1698832281678, 'm': False, 'M': True}
2023-11-01 15:21:21,230 - INFO - {'e': 'aggTrade', 'E': 1698832281679, 's': 'BTCUSDT', 'a': 2743811935, 'p': '34451.45000000', 'q': '0.00043000', 'f': 3263923259, 'l': 3263923259, 'T': 1698832281678, 'm': False, 'M': True}
2023-11-01 15:21:23,260 - INFO - {'e': 'aggTrade', 'E': 1698832283255, 's': 'BTCUSDT', 'a': 2743811940, 'p': '34451.44000000', 'q': '0.00133000', 'f': 3263923264, 'l': 3263923264, 'T': 1698832283254, 'm': True, 'M': True}
2023-11-01 15:21:23,260 - INFO - {'e': 'aggTrade', 'E': 1698832283255, 's': 'BTCUSDT', 'a': 2743811940, 'p': '34451.44000000', 'q': '0.00133000', 'f': 3263923264, 'l': 3263923264, 'T': 1698832283254, 'm': True, 'M': True}
2023-11-01 15:21:25,328 - INFO - {'e': 'aggTrade', 'E': 1698832285812, 's': 'BTCUSDT', 'a': 2743811944, 'p': '34451.45000000', 'q': '0.13609000', 'f': 3263923268, 'l': 3263923269, 'T': 1698832285812, 'm': False, 'M': True}
2023-11-01 15:21:25,330 - INFO - {'e': 'aggTrade', 'E': 1698832285812, 's': 'BTCUSDT', 'a': 2743811944, 'p': '34451.45000000', 'q': '0.13609000', 'f': 3263923268, 'l': 3263923269, 'T': 1698832285812, 'm': False, 'M': True}
2023-11-01 15:21:27,400 - INFO - {'e': 'aggTrade', 'E': 1698832287760, 's': 'ETHUSDT', 'a': 950813028, 'p': '1803.90000000', 'q': '0.93500000', 'f': 1220836845, 'l': 1220836847, 'T': 1698832287759, 'm': True, 'M': True}
2023-11-01 15:21:27,416 - INFO - {'e': 'aggTrade', 'E': 1698832287760, 's': 'ETHUSDT', 'a': 950813028, 'p': '1803.90000000', 'q': '0.93500000', 'f': 1220836845, 'l': 1220836847, 'T': 1698832287759, 'm': True, 'M': True}
2023-11-01 15:21:29,488 - INFO - {'e': 'aggTrade', 'E': 1698832289858, 's': 'ETHUSDT', 'a': 950813040, 'p': '1803.84000000', 'q': '0.00660000', 'f': 1220836869, 'l': 1220836869, 'T': 1698832289858, 'm': True, 'M': True}
2023-11-01 15:21:29,490 - INFO - {'e': 'aggTrade', 'E': 1698832289858, 's': 'ETHUSDT', 'a': 950813040, 'p': '1803.84000000', 'q': '0.00660000', 'f': 1220836869, 'l': 1220836869, 'T': 1698832289858, 'm': True, 'M': True}
2023-11-01 15:21:31,506 - INFO - {'e': 'aggTrade', 'E': 1698832291980, 's': 'BTCUSDT', 'a': 2743811972, 'p': '34451.44000000', 'q': '0.01605000', 'f': 3263923309, 'l': 3263923309, 'T': 1698832291980, 'm': True, 'M': True}
2023-11-01 15:21:31,521 - INFO - {'e': 'aggTrade', 'E': 1698832291980, 's': 'BTCUSDT', 'a': 2743811972, 'p': '34451.44000000', 'q': '0.01605000', 'f': 3263923309, 'l': 3263923309, 'T': 1698832291980, 'm': True, 'M': True}
2023-11-01 15:21:33,575 - INFO - {'e': 'aggTrade', 'E': 1698832293991, 's': 'ETHUSDT', 'a': 950813049, 'p': '1803.80000000', 'q': '0.04150000', 'f': 1220836880, 'l': 1220836880, 'T': 1698832293991, 'm': False, 'M': True}
2023-11-01 15:21:33,575 - INFO - {'e': 'aggTrade', 'E': 1698832293991, 's': 'ETHUSDT', 'a': 950813049, 'p': '1803.80000000', 'q': '0.04150000', 'f': 1220836880, 'l': 1220836880, 'T': 1698832293991, 'm': False, 'M': True}
2023-11-01 15:21:35,599 - INFO - {'e': 'aggTrade', 'E': 1698832295766, 's': 'BTCUSDT', 'a': 2743811987, 'p': '34451.45000000', 'q': '0.00580000', 'f': 3263923324, 'l': 3263923324, 'T': 1698832295765, 'm': False, 'M': True}
2023-11-01 15:21:35,614 - INFO - {'e': 'aggTrade', 'E': 1698832295766, 's': 'BTCUSDT', 'a': 2743811987, 'p': '34451.45000000', 'q': '0.00580000', 'f': 3263923324, 'l': 3263923324, 'T': 1698832295765, 'm': False, 'M': True}
2023-11-01 15:21:37,653 - INFO - {'e': 'aggTrade', 'E': 1698832298080, 's': 'ETHUSDT', 'a': 950813052, 'p': '1803.80000000', 'q': '0.36050000', 'f': 1220836883, 'l': 1220836883, 'T': 1698832298079, 'm': False, 'M': True}
2023-11-01 15:21:37,653 - INFO - {'e': 'aggTrade', 'E': 1698832298080, 's': 'ETHUSDT', 'a': 950813052, 'p': '1803.80000000', 'q': '0.36050000', 'f': 1220836883, 'l': 1220836883, 'T': 1698832298079, 'm': False, 'M': True}
2023-11-01 15:21:39,707 - INFO - {'e': 'aggTrade', 'E': 1698832299524, 's': 'BTCUSDT', 'a': 2743812002, 'p': '34451.44000000', 'q': '0.01211000', 'f': 3263923339, 'l': 3263923339, 'T': 1698832299524, 'm': True, 'M': True}
2023-11-01 15:21:39,723 - INFO - {'e': 'aggTrade', 'E': 1698832299524, 's': 'BTCUSDT', 'a': 2743812002, 'p': '34451.44000000', 'q': '0.01211000', 'f': 3263923339, 'l': 3263923339, 'T': 1698832299524, 'm': True, 'M': True}
2023-11-01 15:21:41,775 - INFO - {'e': 'aggTrade', 'E': 1698832302035, 's': 'BTCUSDT', 'a': 2743812182, 'p': '34439.82000000', 'q': '0.00213000', 'f': 3263923588, 'l': 3263923588, 'T': 1698832302035, 'm': False, 'M': True}
2023-11-01 15:21:41,790 - INFO - {'e': 'aggTrade', 'E': 1698832302035, 's': 'BTCUSDT', 'a': 2743812182, 'p': '34439.82000000', 'q': '0.00213000', 'f': 3263923588, 'l': 3263923588, 'T': 1698832302035, 'm': False, 'M': True}
2023-11-01 15:21:43,845 - INFO - {'e': 'aggTrade', 'E': 1698832304086, 's': 'ETHUSDT', 'a': 950813089, 'p': '1803.51000000', 'q': '0.02510000', 'f': 1220836942, 'l': 1220836942, 'T': 1698832304085, 'm': False, 'M': True}
2023-11-01 15:21:43,861 - INFO - {'e': 'aggTrade', 'E': 1698832304086, 's': 'ETHUSDT', 'a': 950813089, 'p': '1803.51000000', 'q': '0.02510000', 'f': 1220836942, 'l': 1220836942, 'T': 1698832304085, 'm': False, 'M': True}
2023-11-01 15:21:45,913 - INFO - {'e': 'aggTrade', 'E': 1698832306367, 's': 'BTCUSDT', 'a': 2743812192, 'p': '34439.82000000', 'q': '0.01735000', 'f': 3263923598, 'l': 3263923598, 'T': 1698832306367, 'm': False, 'M': True}
2023-11-01 15:21:45,915 - INFO - {'e': 'aggTrade', 'E': 1698832306367, 's': 'BTCUSDT', 'a': 2743812192, 'p': '34439.82000000', 'q': '0.01735000', 'f': 3263923598, 'l': 3263923598, 'T': 1698832306367, 'm': False, 'M': True}
2023-11-01 15:21:47,968 - INFO - {'e': 'aggTrade', 'E': 1698832308032, 's': 'BTCUSDT', 'a': 2743812202, 'p': '34439.82000000', 'q': '0.00029000', 'f': 3263923608, 'l': 3263923608, 'T': 1698832308031, 'm': False, 'M': True}
2023-11-01 15:21:47,969 - INFO - {'e': 'aggTrade', 'E': 1698832308032, 's': 'BTCUSDT', 'a': 2743812202, 'p': '34439.82000000', 'q': '0.00029000', 'f': 3263923608, 'l': 3263923608, 'T': 1698832308031, 'm': False, 'M': True}
2023-11-01 15:21:50,007 - INFO - {'e': 'aggTrade', 'E': 1698832310489, 's': 'BTCUSDT', 'a': 2743812219, 'p': '34439.81000000', 'q': '0.20459000', 'f': 3263923625, 'l': 3263923626, 'T': 1698832310488, 'm': True, 'M': True}
2023-11-01 15:21:50,008 - INFO - {'e': 'aggTrade', 'E': 1698832310489, 's': 'BTCUSDT', 'a': 2743812219, 'p': '34439.81000000', 'q': '0.20459000', 'f': 3263923625, 'l': 3263923626, 'T': 1698832310488, 'm': True, 'M': True}
2023-11-01 15:21:52,062 - INFO - {'e': 'aggTrade', 'E': 1698832312395, 's': 'BTCUSDT', 'a': 2743812237, 'p': '34439.82000000', 'q': '0.00581000', 'f': 3263923644, 'l': 3263923644, 'T': 1698832312394, 'm': False, 'M': True}
2023-11-01 15:21:52,077 - INFO - {'e': 'aggTrade', 'E': 1698832312395, 's': 'BTCUSDT', 'a': 2743812237, 'p': '34439.82000000', 'q': '0.00581000', 'f': 3263923644, 'l': 3263923644, 'T': 1698832312394, 'm': False, 'M': True}
2023-11-01 15:21:54,127 - INFO - {'e': 'aggTrade', 'E': 1698832314624, 's': 'BTCUSDT', 'a': 2743812257, 'p': '34439.81000000', 'q': '0.00577000', 'f': 3263923666, 'l': 3263923667, 'T': 1698832314624, 'm': True, 'M': True}
2023-11-01 15:21:54,129 - INFO - {'e': 'aggTrade', 'E': 1698832314624, 's': 'BTCUSDT', 'a': 2743812257, 'p': '34439.81000000', 'q': '0.00577000', 'f': 3263923666, 'l': 3263923667, 'T': 1698832314624, 'm': True, 'M': True}
2023-11-01 15:21:56,164 - INFO - {'e': 'aggTrade', 'E': 1698832316601, 's': 'BTCUSDT', 'a': 2743812276, 'p': '34439.82000000', 'q': '0.00058000', 'f': 3263923691, 'l': 3263923691, 'T': 1698832316601, 'm': False, 'M': True}
2023-11-01 15:21:56,180 - INFO - {'e': 'aggTrade', 'E': 1698832316601, 's': 'BTCUSDT', 'a': 2743812276, 'p': '34439.82000000', 'q': '0.00058000', 'f': 3263923691, 'l': 3263923691, 'T': 1698832316601, 'm': False, 'M': True}
2023-11-01 15:21:58,248 - INFO - {'e': 'aggTrade', 'E': 1698832318714, 's': 'ETHUSDT', 'a': 950813145, 'p': '1803.13000000', 'q': '0.04150000', 'f': 1220837023, 'l': 1220837023, 'T': 1698832318713, 'm': False, 'M': True}
2023-11-01 15:21:58,250 - INFO - {'e': 'aggTrade', 'E': 1698832318714, 's': 'ETHUSDT', 'a': 950813145, 'p': '1803.13000000', 'q': '0.04150000', 'f': 1220837023, 'l': 1220837023, 'T': 1698832318713, 'm': False, 'M': True}
2023-11-01 15:22:00,305 - INFO - {'e': 'aggTrade', 'E': 1698832320348, 's': 'BTCUSDT', 'a': 2743812348, 'p': '34439.81000000', 'q': '0.00066000', 'f': 3263923766, 'l': 3263923766, 'T': 1698832320348, 'm': True, 'M': True}
2023-11-01 15:22:00,305 - INFO - {'e': 'aggTrade', 'E': 1698832320348, 's': 'BTCUSDT', 'a': 2743812348, 'p': '34439.81000000', 'q': '0.00066000', 'f': 3263923766, 'l': 3263923766, 'T': 1698832320348, 'm': True, 'M': True}
2023-11-01 15:22:02,374 - INFO - {'e': 'aggTrade', 'E': 1698832322864, 's': 'BTCUSDT', 'a': 2743812361, 'p': '34439.82000000', 'q': '0.00121000', 'f': 3263923781, 'l': 3263923781, 'T': 1698832322863, 'm': False, 'M': True}
2023-11-01 15:22:02,376 - INFO - {'e': 'aggTrade', 'E': 1698832322864, 's': 'BTCUSDT', 'a': 2743812361, 'p': '34439.82000000', 'q': '0.00121000', 'f': 3263923781, 'l': 3263923781, 'T': 1698832322863, 'm': False, 'M': True}
2023-11-01 15:22:04,426 - INFO - {'e': 'aggTrade', 'E': 1698832323633, 's': 'BTCUSDT', 'a': 2743812365, 'p': '34439.82000000', 'q': '0.00405000', 'f': 3263923785, 'l': 3263923785, 'T': 1698832323633, 'm': False, 'M': True}
2023-11-01 15:22:04,428 - INFO - {'e': 'aggTrade', 'E': 1698832323633, 's': 'BTCUSDT', 'a': 2743812365, 'p': '34439.82000000', 'q': '0.00405000', 'f': 3263923785, 'l': 3263923785, 'T': 1698832323633, 'm': False, 'M': True}
2023-11-01 15:22:06,485 - INFO - {'e': 'aggTrade', 'E': 1698832326633, 's': 'BTCUSDT', 'a': 2743812381, 'p': '34439.81000000', 'q': '0.00300000', 'f': 3263923801, 'l': 3263923801, 'T': 1698832326632, 'm': True, 'M': True}
2023-11-01 15:22:06,486 - INFO - {'e': 'aggTrade', 'E': 1698832326633, 's': 'BTCUSDT', 'a': 2743812381, 'p': '34439.81000000', 'q': '0.00300000', 'f': 3263923801, 'l': 3263923801, 'T': 1698832326632, 'm': True, 'M': True}
2023-11-01 15:22:08,530 - INFO - {'e': 'aggTrade', 'E': 1698832328983, 's': 'BTCUSDT', 'a': 2743812390, 'p': '34439.82000000', 'q': '0.01748000', 'f': 3263923810, 'l': 3263923810, 'T': 1698832328982, 'm': False, 'M': True}
2023-11-01 15:22:08,530 - INFO - {'e': 'aggTrade', 'E': 1698832328983, 's': 'BTCUSDT', 'a': 2743812390, 'p': '34439.82000000', 'q': '0.01748000', 'f': 3263923810, 'l': 3263923810, 'T': 1698832328982, 'm': False, 'M': True}
2023-11-01 15:22:10,596 - INFO - {'e': 'aggTrade', 'E': 1698832330779, 's': 'ETHUSDT', 'a': 950813205, 'p': '1803.13000000', 'q': '1.24340000', 'f': 1220837087, 'l': 1220837087, 'T': 1698832330778, 'm': False, 'M': True}
2023-11-01 15:22:10,597 - INFO - {'e': 'aggTrade', 'E': 1698832330779, 's': 'ETHUSDT', 'a': 950813205, 'p': '1803.13000000', 'q': '1.24340000', 'f': 1220837087, 'l': 1220837087, 'T': 1698832330778, 'm': False, 'M': True}
2023-11-01 15:22:12,621 - INFO - {'e': 'aggTrade', 'E': 1698832333069, 's': 'ETHUSDT', 'a': 950813210, 'p': '1803.12000000', 'q': '0.93600000', 'f': 1220837092, 'l': 1220837092, 'T': 1698832333068, 'm': True, 'M': True}
2023-11-01 15:22:12,622 - INFO - {'e': 'aggTrade', 'E': 1698832333069, 's': 'ETHUSDT', 'a': 950813210, 'p': '1803.12000000', 'q': '0.93600000', 'f': 1220837092, 'l': 1220837092, 'T': 1698832333068, 'm': True, 'M': True}
2023-11-01 15:22:14,646 - INFO - {'e': 'aggTrade', 'E': 1698832334776, 's': 'ETHUSDT', 'a': 950813216, 'p': '1803.10000000', 'q': '0.02450000', 'f': 1220837102, 'l': 1220837103, 'T': 1698832334775, 'm': True, 'M': True}
2023-11-01 15:22:14,647 - INFO - {'e': 'aggTrade', 'E': 1698832334776, 's': 'ETHUSDT', 'a': 950813216, 'p': '1803.10000000', 'q': '0.02450000', 'f': 1220837102, 'l': 1220837103, 'T': 1698832334775, 'm': True, 'M': True}
2023-11-01 15:22:16,688 - INFO - {'e': 'aggTrade', 'E': 1698832337079, 's': 'BTCUSDT', 'a': 2743812417, 'p': '34439.82000000', 'q': '0.00174000', 'f': 3263923838, 'l': 3263923838, 'T': 1698832337079, 'm': False, 'M': True}
2023-11-01 15:22:16,689 - INFO - {'e': 'aggTrade', 'E': 1698832337079, 's': 'BTCUSDT', 'a': 2743812417, 'p': '34439.82000000', 'q': '0.00174000', 'f': 3263923838, 'l': 3263923838, 'T': 1698832337079, 'm': False, 'M': True}
2023-11-01 15:22:18,712 - INFO - {'e': 'aggTrade', 'E': 1698832338967, 's': 'BTCUSDT', 'a': 2743812429, 'p': '34439.82000000', 'q': '0.00609000', 'f': 3263923850, 'l': 3263923850, 'T': 1698832338966, 'm': False, 'M': True}
2023-11-01 15:22:18,728 - INFO - {'e': 'aggTrade', 'E': 1698832338967, 's': 'BTCUSDT', 'a': 2743812429, 'p': '34439.82000000', 'q': '0.00609000', 'f': 3263923850, 'l': 3263923850, 'T': 1698832338966, 'm': False, 'M': True}
2023-11-01 15:22:20,747 - INFO - {'e': 'aggTrade', 'E': 1698832341012, 's': 'BTCUSDT', 'a': 2743812435, 'p': '34439.81000000', 'q': '0.00066000', 'f': 3263923856, 'l': 3263923856, 'T': 1698832341011, 'm': True, 'M': True}
2023-11-01 15:22:20,762 - INFO - {'e': 'aggTrade', 'E': 1698832341012, 's': 'BTCUSDT', 'a': 2743812435, 'p': '34439.81000000', 'q': '0.00066000', 'f': 3263923856, 'l': 3263923856, 'T': 1698832341011, 'm': True, 'M': True}
2023-11-01 15:22:22,801 - INFO - {'e': 'aggTrade', 'E': 1698832343123, 's': 'ETHUSDT', 'a': 950813228, 'p': '1803.11000000', 'q': '0.03410000', 'f': 1220837117, 'l': 1220837117, 'T': 1698832343122, 'm': False, 'M': True}
2023-11-01 15:22:22,801 - INFO - {'e': 'aggTrade', 'E': 1698832343123, 's': 'ETHUSDT', 'a': 950813228, 'p': '1803.11000000', 'q': '0.03410000', 'f': 1220837117, 'l': 1220837117, 'T': 1698832343122, 'm': False, 'M': True}
2023-11-01 15:22:24,839 - INFO - {'e': 'aggTrade', 'E': 1698832345233, 's': 'BTCUSDT', 'a': 2743812447, 'p': '34439.81000000', 'q': '0.00048000', 'f': 3263923868, 'l': 3263923868, 'T': 1698832345233, 'm': True, 'M': True}
2023-11-01 15:22:24,855 - INFO - {'e': 'aggTrade', 'E': 1698832345233, 's': 'BTCUSDT', 'a': 2743812447, 'p': '34439.81000000', 'q': '0.00048000', 'f': 3263923868, 'l': 3263923868, 'T': 1698832345233, 'm': True, 'M': True}
2023-11-01 15:22:26,885 - INFO - {'e': 'aggTrade', 'E': 1698832347092, 's': 'BTCUSDT', 'a': 2743812452, 'p': '34439.82000000', 'q': '0.00217000', 'f': 3263923873, 'l': 3263923873, 'T': 1698832347091, 'm': False, 'M': True}
2023-11-01 15:22:26,885 - INFO - {'e': 'aggTrade', 'E': 1698832347092, 's': 'BTCUSDT', 'a': 2743812452, 'p': '34439.82000000', 'q': '0.00217000', 'f': 3263923873, 'l': 3263923873, 'T': 1698832347091, 'm': False, 'M': True}
2023-11-01 15:22:28,949 - INFO - {'e': 'aggTrade', 'E': 1698832349258, 's': 'ETHUSDT', 'a': 950813235, 'p': '1803.11000000', 'q': '0.22180000', 'f': 1220837124, 'l': 1220837124, 'T': 1698832349258, 'm': False, 'M': True}
2023-11-01 15:22:28,964 - INFO - {'e': 'aggTrade', 'E': 1698832349258, 's': 'ETHUSDT', 'a': 950813235, 'p': '1803.11000000', 'q': '0.22180000', 'f': 1220837124, 'l': 1220837124, 'T': 1698832349258, 'm': False, 'M': True}
2023-11-01 15:22:31,020 - INFO - {'e': 'aggTrade', 'E': 1698832351416, 's': 'BTCUSDT', 'a': 2743812469, 'p': '34439.81000000', 'q': '0.00982000', 'f': 3263923891, 'l': 3263923891, 'T': 1698832351416, 'm': True, 'M': True}
2023-11-01 15:22:31,036 - INFO - {'e': 'aggTrade', 'E': 1698832351416, 's': 'BTCUSDT', 'a': 2743812469, 'p': '34439.81000000', 'q': '0.00982000', 'f': 3263923891, 'l': 3263923891, 'T': 1698832351416, 'm': True, 'M': True}
2023-11-01 15:22:33,073 - INFO - {'e': 'aggTrade', 'E': 1698832353345, 's': 'ETHUSDT', 'a': 950813242, 'p': '1803.11000000', 'q': '1.50750000', 'f': 1220837132, 'l': 1220837133, 'T': 1698832353345, 'm': False, 'M': True}
2023-11-01 15:22:33,073 - INFO - {'e': 'aggTrade', 'E': 1698832353345, 's': 'ETHUSDT', 'a': 950813242, 'p': '1803.11000000', 'q': '1.50750000', 'f': 1220837132, 'l': 1220837133, 'T': 1698832353345, 'm': False, 'M': True}
2023-11-01 15:22:35,119 - INFO - {'e': 'aggTrade', 'E': 1698832355569, 's': 'BTCUSDT', 'a': 2743812487, 'p': '34439.81000000', 'q': '0.01833000', 'f': 3263923909, 'l': 3263923909, 'T': 1698832355569, 'm': True, 'M': True}
2023-11-01 15:22:35,119 - INFO - {'e': 'aggTrade', 'E': 1698832355569, 's': 'BTCUSDT', 'a': 2743812487, 'p': '34439.81000000', 'q': '0.01833000', 'f': 3263923909, 'l': 3263923909, 'T': 1698832355569, 'm': True, 'M': True}
2023-11-01 15:22:37,166 - INFO - {'e': 'aggTrade', 'E': 1698832357053, 's': 'BTCUSDT', 'a': 2743812495, 'p': '34439.81000000', 'q': '0.00745000', 'f': 3263923917, 'l': 3263923917, 'T': 1698832357053, 'm': True, 'M': True}
2023-11-01 15:22:37,182 - INFO - {'e': 'aggTrade', 'E': 1698832357053, 's': 'BTCUSDT', 'a': 2743812495, 'p': '34439.81000000', 'q': '0.00745000', 'f': 3263923917, 'l': 3263923917, 'T': 1698832357053, 'm': True, 'M': True}
2023-11-01 15:22:39,210 - INFO - {'e': 'aggTrade', 'E': 1698832359324, 's': 'BTCUSDT', 'a': 2743812508, 'p': '34439.81000000', 'q': '0.01453000', 'f': 3263923930, 'l': 3263923930, 'T': 1698832359323, 'm': True, 'M': True}
2023-11-01 15:22:39,210 - INFO - {'e': 'aggTrade', 'E': 1698832359324, 's': 'BTCUSDT', 'a': 2743812508, 'p': '34439.81000000', 'q': '0.01453000', 'f': 3263923930, 'l': 3263923930, 'T': 1698832359323, 'm': True, 'M': True}
2023-11-01 16:51:44,543 - INFO - {'e': 'aggTrade', 'E': 1698837704431, 's': 'BTCUSDT', 'a': 2743855159, 'p': '34347.74000000', 'q': '0.00160000', 'f': 3263976359, 'l': 3263976359, 'T': 1698837704430, 'm': False, 'M': True}
2023-11-01 16:51:44,557 - INFO - {'e': 'aggTrade', 'E': 1698837704431, 's': 'BTCUSDT', 'a': 2743855159, 'p': '34347.74000000', 'q': '0.00160000', 'f': 3263976359, 'l': 3263976359, 'T': 1698837704430, 'm': False, 'M': True}
2023-11-01 16:51:46,582 - INFO - {'e': 'aggTrade', 'E': 1698837706312, 's': 'BTCUSDT', 'a': 2743855167, 'p': '34347.74000000', 'q': '0.01000000', 'f': 3263976369, 'l': 3263976370, 'T': 1698837706312, 'm': False, 'M': True}
2023-11-01 16:51:46,582 - INFO - {'e': 'aggTrade', 'E': 1698837706312, 's': 'BTCUSDT', 'a': 2743855167, 'p': '34347.74000000', 'q': '0.01000000', 'f': 3263976369, 'l': 3263976370, 'T': 1698837706312, 'm': False, 'M': True}
2023-11-01 16:51:48,647 - INFO - {'e': 'aggTrade', 'E': 1698837709185, 's': 'BTCUSDT', 'a': 2743855175, 'p': '34347.92000000', 'q': '0.00052000', 'f': 3263976383, 'l': 3263976383, 'T': 1698837709184, 'm': False, 'M': True}
2023-11-01 16:51:48,651 - INFO - {'e': 'aggTrade', 'E': 1698837709185, 's': 'BTCUSDT', 'a': 2743855175, 'p': '34347.92000000', 'q': '0.00052000', 'f': 3263976383, 'l': 3263976383, 'T': 1698837709184, 'm': False, 'M': True}
2023-11-01 16:51:50,689 - INFO - {'e': 'aggTrade', 'E': 1698837711089, 's': 'BTCUSDT', 'a': 2743855190, 'p': '34348.51000000', 'q': '0.00078000', 'f': 3263976407, 'l': 3263976407, 'T': 1698837711089, 'm': True, 'M': True}
2023-11-01 16:51:50,689 - INFO - {'e': 'aggTrade', 'E': 1698837711089, 's': 'BTCUSDT', 'a': 2743855190, 'p': '34348.51000000', 'q': '0.00078000', 'f': 3263976407, 'l': 3263976407, 'T': 1698837711089, 'm': True, 'M': True}
2023-11-01 16:51:52,755 - INFO - {'e': 'aggTrade', 'E': 1698837712884, 's': 'BTCUSDT', 'a': 2743855198, 'p': '34348.51000000', 'q': '0.00493000', 'f': 3263976417, 'l': 3263976417, 'T': 1698837712884, 'm': True, 'M': True}
2023-11-01 16:51:52,767 - INFO - {'e': 'aggTrade', 'E': 1698837712884, 's': 'BTCUSDT', 'a': 2743855198, 'p': '34348.51000000', 'q': '0.00493000', 'f': 3263976417, 'l': 3263976417, 'T': 1698837712884, 'm': True, 'M': True}
2023-11-01 16:51:54,796 - INFO - {'e': 'aggTrade', 'E': 1698837714490, 's': 'BTCUSDT', 'a': 2743855203, 'p': '34348.51000000', 'q': '0.00186000', 'f': 3263976422, 'l': 3263976422, 'T': 1698837714489, 'm': True, 'M': True}
2023-11-01 16:51:54,796 - INFO - {'e': 'aggTrade', 'E': 1698837714490, 's': 'BTCUSDT', 'a': 2743855203, 'p': '34348.51000000', 'q': '0.00186000', 'f': 3263976422, 'l': 3263976422, 'T': 1698837714489, 'm': True, 'M': True}
2023-11-01 16:51:56,823 - INFO - {'e': 'aggTrade', 'E': 1698837717252, 's': 'BTCUSDT', 'a': 2743855208, 'p': '34348.52000000', 'q': '0.00183000', 'f': 3263976427, 'l': 3263976427, 'T': 1698837717252, 'm': False, 'M': True}
2023-11-01 16:51:56,823 - INFO - {'e': 'aggTrade', 'E': 1698837717252, 's': 'BTCUSDT', 'a': 2743855208, 'p': '34348.52000000', 'q': '0.00183000', 'f': 3263976427, 'l': 3263976427, 'T': 1698837717252, 'm': False, 'M': True}
2023-11-01 16:51:58,893 - INFO - {'e': 'aggTrade', 'E': 1698837719316, 's': 'BTCUSDT', 'a': 2743855216, 'p': '34348.52000000', 'q': '0.03810000', 'f': 3263976435, 'l': 3263976435, 'T': 1698837719316, 'm': False, 'M': True}
2023-11-01 16:51:58,896 - INFO - {'e': 'aggTrade', 'E': 1698837719316, 's': 'BTCUSDT', 'a': 2743855216, 'p': '34348.52000000', 'q': '0.03810000', 'f': 3263976435, 'l': 3263976435, 'T': 1698837719316, 'm': False, 'M': True}
2023-11-01 16:52:00,947 - INFO - {'e': 'aggTrade', 'E': 1698837721123, 's': 'BTCUSDT', 'a': 2743855290, 'p': '34348.51000000', 'q': '0.00065000', 'f': 3263976509, 'l': 3263976509, 'T': 1698837721123, 'm': True, 'M': True}
2023-11-01 16:52:00,947 - INFO - {'e': 'aggTrade', 'E': 1698837721123, 's': 'BTCUSDT', 'a': 2743855290, 'p': '34348.51000000', 'q': '0.00065000', 'f': 3263976509, 'l': 3263976509, 'T': 1698837721123, 'm': True, 'M': True}
2023-11-01 16:52:03,018 - INFO - {'e': 'aggTrade', 'E': 1698837723393, 's': 'BTCUSDT', 'a': 2743855305, 'p': '34348.52000000', 'q': '0.00385000', 'f': 3263976524, 'l': 3263976524, 'T': 1698837723393, 'm': False, 'M': True}
2023-11-01 16:52:03,018 - INFO - {'e': 'aggTrade', 'E': 1698837723393, 's': 'BTCUSDT', 'a': 2743855305, 'p': '34348.52000000', 'q': '0.00385000', 'f': 3263976524, 'l': 3263976524, 'T': 1698837723393, 'm': False, 'M': True}
2023-11-01 16:52:05,085 - INFO - {'e': 'aggTrade', 'E': 1698837725493, 's': 'BTCUSDT', 'a': 2743855319, 'p': '34348.52000000', 'q': '0.00094000', 'f': 3263976538, 'l': 3263976538, 'T': 1698837725492, 'm': False, 'M': True}
2023-11-01 16:52:05,085 - INFO - {'e': 'aggTrade', 'E': 1698837725493, 's': 'BTCUSDT', 'a': 2743855319, 'p': '34348.52000000', 'q': '0.00094000', 'f': 3263976538, 'l': 3263976538, 'T': 1698837725492, 'm': False, 'M': True}
2023-11-01 16:52:07,138 - INFO - {'e': 'aggTrade', 'E': 1698837727318, 's': 'BTCUSDT', 'a': 2743855326, 'p': '34348.52000000', 'q': '0.00189000', 'f': 3263976545, 'l': 3263976545, 'T': 1698837727317, 'm': False, 'M': True}
2023-11-01 16:52:07,138 - INFO - {'e': 'aggTrade', 'E': 1698837727318, 's': 'BTCUSDT', 'a': 2743855326, 'p': '34348.52000000', 'q': '0.00189000', 'f': 3263976545, 'l': 3263976545, 'T': 1698837727317, 'm': False, 'M': True}
2023-11-01 16:52:09,207 - INFO - {'e': 'aggTrade', 'E': 1698837729578, 's': 'BTCUSDT', 'a': 2743855333, 'p': '34348.51000000', 'q': '0.00180000', 'f': 3263976555, 'l': 3263976555, 'T': 1698837729577, 'm': True, 'M': True}
2023-11-01 16:52:09,207 - INFO - {'e': 'aggTrade', 'E': 1698837729578, 's': 'BTCUSDT', 'a': 2743855333, 'p': '34348.51000000', 'q': '0.00180000', 'f': 3263976555, 'l': 3263976555, 'T': 1698837729577, 'm': True, 'M': True}
2023-11-01 16:52:11,259 - INFO - {'e': 'aggTrade', 'E': 1698837731764, 's': 'BTCUSDT', 'a': 2743855339, 'p': '34348.52000000', 'q': '0.00200000', 'f': 3263976561, 'l': 3263976561, 'T': 1698837731763, 'm': False, 'M': True}
2023-11-01 16:52:11,259 - INFO - {'e': 'aggTrade', 'E': 1698837731764, 's': 'BTCUSDT', 'a': 2743855339, 'p': '34348.52000000', 'q': '0.00200000', 'f': 3263976561, 'l': 3263976561, 'T': 1698837731763, 'm': False, 'M': True}
2023-11-01 16:52:13,325 - INFO - {'e': 'aggTrade', 'E': 1698837733071, 's': 'BTCUSDT', 'a': 2743855347, 'p': '34348.51000000', 'q': '0.00207000', 'f': 3263976575, 'l': 3263976575, 'T': 1698837733070, 'm': True, 'M': True}
2023-11-01 16:52:13,325 - INFO - {'e': 'aggTrade', 'E': 1698837733071, 's': 'BTCUSDT', 'a': 2743855347, 'p': '34348.51000000', 'q': '0.00207000', 'f': 3263976575, 'l': 3263976575, 'T': 1698837733070, 'm': True, 'M': True}
2023-11-01 16:52:15,397 - INFO - {'e': 'aggTrade', 'E': 1698837735718, 's': 'BTCUSDT', 'a': 2743855350, 'p': '34348.52000000', 'q': '0.01210000', 'f': 3263976578, 'l': 3263976581, 'T': 1698837735717, 'm': False, 'M': True}
2023-11-01 16:52:15,398 - INFO - {'e': 'aggTrade', 'E': 1698837735718, 's': 'BTCUSDT', 'a': 2743855350, 'p': '34348.52000000', 'q': '0.01210000', 'f': 3263976578, 'l': 3263976581, 'T': 1698837735717, 'm': False, 'M': True}
2023-11-01 16:52:17,435 - INFO - {'e': 'aggTrade', 'E': 1698837737966, 's': 'BTCUSDT', 'a': 2743855382, 'p': '34349.02000000', 'q': '0.00051000', 'f': 3263976617, 'l': 3263976617, 'T': 1698837737965, 'm': False, 'M': True}
2023-11-01 16:52:17,437 - INFO - {'e': 'aggTrade', 'E': 1698837737966, 's': 'BTCUSDT', 'a': 2743855382, 'p': '34349.02000000', 'q': '0.00051000', 'f': 3263976617, 'l': 3263976617, 'T': 1698837737965, 'm': False, 'M': True}
2023-11-01 16:52:19,475 - INFO - {'e': 'aggTrade', 'E': 1698837740037, 's': 'BTCUSDT', 'a': 2743855423, 'p': '34351.03000000', 'q': '0.00427000', 'f': 3263976666, 'l': 3263976666, 'T': 1698837740037, 'm': False, 'M': True}
2023-11-01 16:52:19,475 - INFO - {'e': 'aggTrade', 'E': 1698837740037, 's': 'BTCUSDT', 'a': 2743855423, 'p': '34351.03000000', 'q': '0.00427000', 'f': 3263976666, 'l': 3263976666, 'T': 1698837740037, 'm': False, 'M': True}
