2023-11-03 10:35:15,914 - INFO - {'e': 'aggTrade', 'E': 1698987899990, 's': 'BTCUSDT', 'a': 2746100970, 'p': '34399.19000000', 'q': '0.00058000', 'f': 3266944912, 'l': 3266944912, 'T': 1698987899990, 'm': False, 'M': True}
2023-11-03 10:35:15,914 - INFO - {'e': 'aggTrade', 'E': 1698987899990, 's': 'BTCUSDT', 'a': 2746100970, 'p': '34399.19000000', 'q': '0.00058000', 'f': 3266944912, 'l': 3266944912, 'T': 1698987899990, 'm': False, 'M': True}
2023-11-03 10:35:17,954 - INFO - {'e': 'aggTrade', 'E': 1698987911103, 's': 'BTCUSDT', 'a': 2746101049, 'p': '34399.64000000', 'q': '0.00051000', 'f': 3266945014, 'l': 3266945014, 'T': 1698987911102, 'm': True, 'M': True}
2023-11-03 10:35:17,970 - INFO - {'e': 'aggTrade', 'E': 1698987911103, 's': 'BTCUSDT', 'a': 2746101049, 'p': '34399.64000000', 'q': '0.00051000', 'f': 3266945014, 'l': 3266945014, 'T': 1698987911102, 'm': True, 'M': True}
2023-11-03 10:35:20,024 - INFO - {'e': 'aggTrade', 'E': 1698987920216, 's': 'BTCUSDT', 'a': 2746101149, 'p': '34393.69000000', 'q': '0.02197000', 'f': 3266945158, 'l': 3266945158, 'T': 1698987920215, 'm': True, 'M': True}
2023-11-03 10:35:20,024 - INFO - {'e': 'aggTrade', 'E': 1698987920216, 's': 'BTCUSDT', 'a': 2746101149, 'p': '34393.69000000', 'q': '0.02197000', 'f': 3266945158, 'l': 3266945158, 'T': 1698987920215, 'm': True, 'M': True}
2023-11-03 10:35:22,068 - INFO - {'e': 'aggTrade', 'E': 1698987922292, 's': 'BTCUSDT', 'a': 2746101167, 'p': '34391.72000000', 'q': '0.00290000', 'f': 3266945185, 'l': 3266945185, 'T': 1698987922288, 'm': False, 'M': True}
2023-11-03 10:35:22,068 - INFO - {'e': 'aggTrade', 'E': 1698987922292, 's': 'BTCUSDT', 'a': 2746101167, 'p': '34391.72000000', 'q': '0.00290000', 'f': 3266945185, 'l': 3266945185, 'T': 1698987922288, 'm': False, 'M': True}
2023-11-03 10:35:24,135 - INFO - {'e': 'aggTrade', 'E': 1698987924181, 's': 'BTCUSDT', 'a': 2746101193, 'p': '34389.04000000', 'q': '0.00291000', 'f': 3266945219, 'l': 3266945219, 'T': 1698987924180, 'm': False, 'M': True}
2023-11-03 10:35:24,135 - INFO - {'e': 'aggTrade', 'E': 1698987924181, 's': 'BTCUSDT', 'a': 2746101193, 'p': '34389.04000000', 'q': '0.00291000', 'f': 3266945219, 'l': 3266945219, 'T': 1698987924180, 'm': False, 'M': True}
2023-11-03 10:35:26,187 - INFO - {'e': 'aggTrade', 'E': 1698987925282, 's': 'BTCUSDT', 'a': 2746101198, 'p': '34389.03000000', 'q': '0.00075000', 'f': 3266945224, 'l': 3266945224, 'T': 1698987925282, 'm': True, 'M': True}
2023-11-03 10:35:26,187 - INFO - {'e': 'aggTrade', 'E': 1698987925282, 's': 'BTCUSDT', 'a': 2746101198, 'p': '34389.03000000', 'q': '0.00075000', 'f': 3266945224, 'l': 3266945224, 'T': 1698987925282, 'm': True, 'M': True}
2023-11-03 10:35:28,252 - INFO - {'e': 'aggTrade', 'E': 1698987927483, 's': 'BTCUSDT', 'a': 2746101204, 'p': '34389.03000000', 'q': '0.00278000', 'f': 3266945233, 'l': 3266945233, 'T': 1698987927483, 'm': True, 'M': True}
2023-11-03 10:35:28,252 - INFO - {'e': 'aggTrade', 'E': 1698987927483, 's': 'BTCUSDT', 'a': 2746101204, 'p': '34389.03000000', 'q': '0.00278000', 'f': 3266945233, 'l': 3266945233, 'T': 1698987927483, 'm': True, 'M': True}
2023-11-03 10:35:30,320 - INFO - {'e': 'aggTrade', 'E': 1698987928742, 's': 'BTCUSDT', 'a': 2746101212, 'p': '34389.03000000', 'q': '0.17721000', 'f': 3266945241, 'l': 3266945241, 'T': 1698987928742, 'm': True, 'M': True}
2023-11-03 10:35:30,320 - INFO - {'e': 'aggTrade', 'E': 1698987928742, 's': 'BTCUSDT', 'a': 2746101212, 'p': '34389.03000000', 'q': '0.17721000', 'f': 3266945241, 'l': 3266945241, 'T': 1698987928742, 'm': True, 'M': True}
2023-11-03 10:35:32,379 - INFO - {'e': 'aggTrade', 'E': 1698987931424, 's': 'BTCUSDT', 'a': 2746101239, 'p': '34387.03000000', 'q': '0.00015000', 'f': 3266945289, 'l': 3266945289, 'T': 1698987931422, 'm': True, 'M': True}
2023-11-03 10:35:32,379 - INFO - {'e': 'aggTrade', 'E': 1698987931424, 's': 'BTCUSDT', 'a': 2746101239, 'p': '34387.03000000', 'q': '0.00015000', 'f': 3266945289, 'l': 3266945289, 'T': 1698987931422, 'm': True, 'M': True}
2023-11-03 10:35:34,393 - INFO - {'e': 'aggTrade', 'E': 1698987934310, 's': 'BTCUSDT', 'a': 2746101306, 'p': '34378.28000000', 'q': '0.30075000', 'f': 3266945384, 'l': 3266945386, 'T': 1698987934309, 'm': True, 'M': True}
2023-11-03 10:35:34,393 - INFO - {'e': 'aggTrade', 'E': 1698987934310, 's': 'BTCUSDT', 'a': 2746101306, 'p': '34378.28000000', 'q': '0.30075000', 'f': 3266945384, 'l': 3266945386, 'T': 1698987934309, 'm': True, 'M': True}
2023-11-03 10:35:36,435 - INFO - {'e': 'aggTrade', 'E': 1698987935082, 's': 'BTCUSDT', 'a': 2746101309, 'p': '34378.04000000', 'q': '0.00093000', 'f': 3266945390, 'l': 3266945390, 'T': 1698987935081, 'm': True, 'M': True}
2023-11-03 10:35:36,435 - INFO - {'e': 'aggTrade', 'E': 1698987935082, 's': 'BTCUSDT', 'a': 2746101309, 'p': '34378.04000000', 'q': '0.00093000', 'f': 3266945390, 'l': 3266945390, 'T': 1698987935081, 'm': True, 'M': True}
2023-11-03 10:35:38,476 - INFO - {'e': 'aggTrade', 'E': 1698987936936, 's': 'BTCUSDT', 'a': 2746101326, 'p': '34378.05000000', 'q': '0.00014000', 'f': 3266945414, 'l': 3266945414, 'T': 1698987936935, 'm': False, 'M': True}
2023-11-03 10:35:38,478 - INFO - {'e': 'aggTrade', 'E': 1698987936936, 's': 'BTCUSDT', 'a': 2746101326, 'p': '34378.05000000', 'q': '0.00014000', 'f': 3266945414, 'l': 3266945414, 'T': 1698987936935, 'm': False, 'M': True}
2023-11-03 10:35:40,512 - INFO - {'e': 'aggTrade', 'E': 1698987939733, 's': 'BTCUSDT', 'a': 2746101339, 'p': '34378.04000000', 'q': '0.00250000', 'f': 3266945429, 'l': 3266945429, 'T': 1698987939732, 'm': True, 'M': True}
2023-11-03 10:35:40,515 - INFO - {'e': 'aggTrade', 'E': 1698987939733, 's': 'BTCUSDT', 'a': 2746101339, 'p': '34378.04000000', 'q': '0.00250000', 'f': 3266945429, 'l': 3266945429, 'T': 1698987939732, 'm': True, 'M': True}
2023-11-03 10:35:42,542 - INFO - {'e': 'aggTrade', 'E': 1698987941262, 's': 'BTCUSDT', 'a': 2746101344, 'p': '34378.04000000', 'q': '0.01273000', 'f': 3266945434, 'l': 3266945436, 'T': 1698987941262, 'm': True, 'M': True}
2023-11-03 10:35:42,559 - INFO - {'e': 'aggTrade', 'E': 1698987941262, 's': 'BTCUSDT', 'a': 2746101344, 'p': '34378.04000000', 'q': '0.01273000', 'f': 3266945434, 'l': 3266945436, 'T': 1698987941262, 'm': True, 'M': True}
2023-11-03 10:35:44,595 - INFO - {'e': 'aggTrade', 'E': 1698987941986, 's': 'BTCUSDT', 'a': 2746101354, 'p': '34376.97000000', 'q': '0.00070000', 'f': 3266945449, 'l': 3266945449, 'T': 1698987941985, 'm': True, 'M': True}
2023-11-03 10:35:44,598 - INFO - {'e': 'aggTrade', 'E': 1698987941986, 's': 'BTCUSDT', 'a': 2746101354, 'p': '34376.97000000', 'q': '0.00070000', 'f': 3266945449, 'l': 3266945449, 'T': 1698987941985, 'm': True, 'M': True}
2023-11-03 10:35:46,645 - INFO - {'e': 'aggTrade', 'E': 1698987942038, 's': 'BTCUSDT', 'a': 2746101369, 'p': '34374.00000000', 'q': '0.00095000', 'f': 3266945464, 'l': 3266945464, 'T': 1698987942035, 'm': True, 'M': True}
2023-11-03 10:35:46,647 - INFO - {'e': 'aggTrade', 'E': 1698987942038, 's': 'BTCUSDT', 'a': 2746101369, 'p': '34374.00000000', 'q': '0.00095000', 'f': 3266945464, 'l': 3266945464, 'T': 1698987942035, 'm': True, 'M': True}
2023-11-03 10:35:48,676 - INFO - {'e': 'aggTrade', 'E': 1698987942038, 's': 'BTCUSDT', 'a': 2746101369, 'p': '34374.00000000', 'q': '0.00095000', 'f': 3266945464, 'l': 3266945464, 'T': 1698987942035, 'm': True, 'M': True}
2023-11-03 10:35:48,688 - INFO - {'e': 'aggTrade', 'E': 1698987942038, 's': 'BTCUSDT', 'a': 2746101369, 'p': '34374.00000000', 'q': '0.00095000', 'f': 3266945464, 'l': 3266945464, 'T': 1698987942035, 'm': True, 'M': True}
2023-11-03 10:35:50,747 - INFO - {'e': 'aggTrade', 'E': 1698987945036, 's': 'BTCUSDT', 'a': 2746101392, 'p': '34372.13000000', 'q': '0.00070000', 'f': 3266945500, 'l': 3266945500, 'T': 1698987945035, 'm': True, 'M': True}
2023-11-03 10:35:50,751 - INFO - {'e': 'aggTrade', 'E': 1698987945036, 's': 'BTCUSDT', 'a': 2746101392, 'p': '34372.13000000', 'q': '0.00070000', 'f': 3266945500, 'l': 3266945500, 'T': 1698987945035, 'm': True, 'M': True}
2023-11-03 10:35:52,791 - INFO - {'e': 'aggTrade', 'E': 1698987945036, 's': 'BTCUSDT', 'a': 2746101392, 'p': '34372.13000000', 'q': '0.00070000', 'f': 3266945500, 'l': 3266945500, 'T': 1698987945035, 'm': True, 'M': True}
2023-11-03 10:35:52,803 - INFO - {'e': 'aggTrade', 'E': 1698987945036, 's': 'BTCUSDT', 'a': 2746101392, 'p': '34372.13000000', 'q': '0.00070000', 'f': 3266945500, 'l': 3266945500, 'T': 1698987945035, 'm': True, 'M': True}
2023-11-03 10:35:54,863 - INFO - {'e': 'aggTrade', 'E': 1698987945036, 's': 'BTCUSDT', 'a': 2746101392, 'p': '34372.13000000', 'q': '0.00070000', 'f': 3266945500, 'l': 3266945500, 'T': 1698987945035, 'm': True, 'M': True}
2023-11-03 10:35:54,865 - INFO - {'e': 'aggTrade', 'E': 1698987945036, 's': 'BTCUSDT', 'a': 2746101392, 'p': '34372.13000000', 'q': '0.00070000', 'f': 3266945500, 'l': 3266945500, 'T': 1698987945035, 'm': True, 'M': True}
2023-11-03 10:35:56,924 - INFO - {'e': 'aggTrade', 'E': 1698987945036, 's': 'BTCUSDT', 'a': 2746101392, 'p': '34372.13000000', 'q': '0.00070000', 'f': 3266945500, 'l': 3266945500, 'T': 1698987945035, 'm': True, 'M': True}
2023-11-03 10:35:56,925 - INFO - {'e': 'aggTrade', 'E': 1698987945036, 's': 'BTCUSDT', 'a': 2746101392, 'p': '34372.13000000', 'q': '0.00070000', 'f': 3266945500, 'l': 3266945500, 'T': 1698987945035, 'm': True, 'M': True}
2023-11-03 10:35:58,955 - INFO - {'e': 'aggTrade', 'E': 1698987945036, 's': 'BTCUSDT', 'a': 2746101392, 'p': '34372.13000000', 'q': '0.00070000', 'f': 3266945500, 'l': 3266945500, 'T': 1698987945035, 'm': True, 'M': True}
2023-11-03 10:35:58,955 - INFO - {'e': 'aggTrade', 'E': 1698987945036, 's': 'BTCUSDT', 'a': 2746101392, 'p': '34372.13000000', 'q': '0.00070000', 'f': 3266945500, 'l': 3266945500, 'T': 1698987945035, 'm': True, 'M': True}
2023-11-03 10:36:01,026 - INFO - {'e': 'aggTrade', 'E': 1698987946080, 's': 'BTCUSDT', 'a': 2746101415, 'p': '34369.95000000', 'q': '0.00117000', 'f': 3266945535, 'l': 3266945535, 'T': 1698987946080, 'm': False, 'M': True}
2023-11-03 10:36:01,029 - INFO - {'e': 'aggTrade', 'E': 1698987946080, 's': 'BTCUSDT', 'a': 2746101415, 'p': '34369.95000000', 'q': '0.00117000', 'f': 3266945535, 'l': 3266945535, 'T': 1698987946080, 'm': False, 'M': True}
2023-11-03 10:36:03,105 - INFO - {'e': 'aggTrade', 'E': 1698987947940, 's': 'BTCUSDT', 'a': 2746101440, 'p': '34367.01000000', 'q': '0.00500000', 'f': 3266945568, 'l': 3266945568, 'T': 1698987947939, 'm': True, 'M': True}
2023-11-03 10:36:03,105 - INFO - {'e': 'aggTrade', 'E': 1698987947940, 's': 'BTCUSDT', 'a': 2746101440, 'p': '34367.01000000', 'q': '0.00500000', 'f': 3266945568, 'l': 3266945568, 'T': 1698987947939, 'm': True, 'M': True}
2023-11-03 10:36:05,153 - INFO - {'e': 'aggTrade', 'E': 1698987949733, 's': 'BTCUSDT', 'a': 2746101500, 'p': '34358.04000000', 'q': '0.00060000', 'f': 3266945679, 'l': 3266945679, 'T': 1698987949732, 'm': True, 'M': True}
2023-11-03 10:36:05,154 - INFO - {'e': 'aggTrade', 'E': 1698987949733, 's': 'BTCUSDT', 'a': 2746101500, 'p': '34358.04000000', 'q': '0.00060000', 'f': 3266945679, 'l': 3266945679, 'T': 1698987949732, 'm': True, 'M': True}
2023-11-03 10:36:07,183 - INFO - {'e': 'aggTrade', 'E': 1698987956809, 's': 'BTCUSDT', 'a': 2746101581, 'p': '34360.68000000', 'q': '0.50450000', 'f': 3266945830, 'l': 3266945831, 'T': 1698987956808, 'm': True, 'M': True}
2023-11-03 10:36:07,185 - INFO - {'e': 'aggTrade', 'E': 1698987956809, 's': 'BTCUSDT', 'a': 2746101581, 'p': '34360.68000000', 'q': '0.50450000', 'f': 3266945830, 'l': 3266945831, 'T': 1698987956808, 'm': True, 'M': True}
2023-11-03 10:36:09,221 - INFO - {'e': 'aggTrade', 'E': 1698987956809, 's': 'BTCUSDT', 'a': 2746101581, 'p': '34360.68000000', 'q': '0.50450000', 'f': 3266945830, 'l': 3266945831, 'T': 1698987956808, 'm': True, 'M': True}
2023-11-03 10:36:09,221 - INFO - {'e': 'aggTrade', 'E': 1698987956809, 's': 'BTCUSDT', 'a': 2746101581, 'p': '34360.68000000', 'q': '0.50450000', 'f': 3266945830, 'l': 3266945831, 'T': 1698987956808, 'm': True, 'M': True}
2023-11-03 10:36:11,242 - INFO - {'e': 'aggTrade', 'E': 1698987958035, 's': 'BTCUSDT', 'a': 2746101657, 'p': '34349.69000000', 'q': '0.00232000', 'f': 3266945959, 'l': 3266945959, 'T': 1698987958034, 'm': True, 'M': True}
2023-11-03 10:36:11,244 - INFO - {'e': 'aggTrade', 'E': 1698987958035, 's': 'BTCUSDT', 'a': 2746101657, 'p': '34349.69000000', 'q': '0.00232000', 'f': 3266945959, 'l': 3266945959, 'T': 1698987958034, 'm': True, 'M': True}
2023-11-03 10:36:13,288 - INFO - {'e': 'aggTrade', 'E': 1698987958037, 's': 'BTCUSDT', 'a': 2746101658, 'p': '34349.69000000', 'q': '0.00059000', 'f': 3266945960, 'l': 3266945960, 'T': 1698987958037, 'm': True, 'M': True}
2023-11-03 10:36:13,289 - INFO - {'e': 'aggTrade', 'E': 1698987958037, 's': 'BTCUSDT', 'a': 2746101658, 'p': '34349.69000000', 'q': '0.00059000', 'f': 3266945960, 'l': 3266945960, 'T': 1698987958037, 'm': True, 'M': True}
2023-11-03 10:36:15,333 - INFO - {'e': 'aggTrade', 'E': 1698987958037, 's': 'BTCUSDT', 'a': 2746101658, 'p': '34349.69000000', 'q': '0.00059000', 'f': 3266945960, 'l': 3266945960, 'T': 1698987958037, 'm': True, 'M': True}
2023-11-03 10:36:15,333 - INFO - {'e': 'aggTrade', 'E': 1698987958037, 's': 'BTCUSDT', 'a': 2746101658, 'p': '34349.69000000', 'q': '0.00059000', 'f': 3266945960, 'l': 3266945960, 'T': 1698987958037, 'm': True, 'M': True}
2023-11-03 10:36:17,369 - INFO - {'e': 'aggTrade', 'E': 1698987958037, 's': 'BTCUSDT', 'a': 2746101658, 'p': '34349.69000000', 'q': '0.00059000', 'f': 3266945960, 'l': 3266945960, 'T': 1698987958037, 'm': True, 'M': True}
2023-11-03 10:36:17,371 - INFO - {'e': 'aggTrade', 'E': 1698987958037, 's': 'BTCUSDT', 'a': 2746101658, 'p': '34349.69000000', 'q': '0.00059000', 'f': 3266945960, 'l': 3266945960, 'T': 1698987958037, 'm': True, 'M': True}
2023-11-03 10:36:19,400 - INFO - {'e': 'aggTrade', 'E': 1698987958037, 's': 'BTCUSDT', 'a': 2746101658, 'p': '34349.69000000', 'q': '0.00059000', 'f': 3266945960, 'l': 3266945960, 'T': 1698987958037, 'm': True, 'M': True}
2023-11-03 10:36:19,400 - INFO - {'e': 'aggTrade', 'E': 1698987958037, 's': 'BTCUSDT', 'a': 2746101658, 'p': '34349.69000000', 'q': '0.00059000', 'f': 3266945960, 'l': 3266945960, 'T': 1698987958037, 'm': True, 'M': True}
2023-11-03 10:36:21,467 - INFO - {'e': 'aggTrade', 'E': 1698987958037, 's': 'BTCUSDT', 'a': 2746101658, 'p': '34349.69000000', 'q': '0.00059000', 'f': 3266945960, 'l': 3266945960, 'T': 1698987958037, 'm': True, 'M': True}
2023-11-03 10:36:21,470 - INFO - {'e': 'aggTrade', 'E': 1698987958037, 's': 'BTCUSDT', 'a': 2746101658, 'p': '34349.69000000', 'q': '0.00059000', 'f': 3266945960, 'l': 3266945960, 'T': 1698987958037, 'm': True, 'M': True}
2023-11-03 10:36:23,513 - INFO - {'e': 'aggTrade', 'E': 1698987958037, 's': 'BTCUSDT', 'a': 2746101658, 'p': '34349.69000000', 'q': '0.00059000', 'f': 3266945960, 'l': 3266945960, 'T': 1698987958037, 'm': True, 'M': True}
2023-11-03 10:36:23,514 - INFO - {'e': 'aggTrade', 'E': 1698987958037, 's': 'BTCUSDT', 'a': 2746101658, 'p': '34349.69000000', 'q': '0.00059000', 'f': 3266945960, 'l': 3266945960, 'T': 1698987958037, 'm': True, 'M': True}
2023-11-03 10:36:25,547 - INFO - {'e': 'aggTrade', 'E': 1698987959977, 's': 'BTCUSDT', 'a': 2746101724, 'p': '34343.53000000', 'q': '0.00070000', 'f': 3266946040, 'l': 3266946040, 'T': 1698987959976, 'm': True, 'M': True}
2023-11-03 10:36:25,547 - INFO - {'e': 'aggTrade', 'E': 1698987959977, 's': 'BTCUSDT', 'a': 2746101724, 'p': '34343.53000000', 'q': '0.00070000', 'f': 3266946040, 'l': 3266946040, 'T': 1698987959976, 'm': True, 'M': True}
2023-11-03 10:36:27,571 - INFO - {'e': 'aggTrade', 'E': 1698987962916, 's': 'BTCUSDT', 'a': 2746101848, 'p': '34349.34000000', 'q': '0.00284000', 'f': 3266946200, 'l': 3266946201, 'T': 1698987962915, 'm': False, 'M': True}
2023-11-03 10:36:27,573 - INFO - {'e': 'aggTrade', 'E': 1698987962916, 's': 'BTCUSDT', 'a': 2746101848, 'p': '34349.34000000', 'q': '0.00284000', 'f': 3266946200, 'l': 3266946201, 'T': 1698987962915, 'm': False, 'M': True}
2023-11-03 10:36:29,616 - INFO - {'e': 'aggTrade', 'E': 1698987970997, 's': 'BTCUSDT', 'a': 2746101929, 'p': '34349.69000000', 'q': '0.00070000', 'f': 3266946344, 'l': 3266946344, 'T': 1698987970998, 'm': True, 'M': True}
2023-11-03 10:36:29,619 - INFO - {'e': 'aggTrade', 'E': 1698987970997, 's': 'BTCUSDT', 'a': 2746101929, 'p': '34349.69000000', 'q': '0.00070000', 'f': 3266946344, 'l': 3266946344, 'T': 1698987970998, 'm': True, 'M': True}
2023-11-03 10:36:31,663 - INFO - {'e': 'aggTrade', 'E': 1698987975247, 's': 'BTCUSDT', 'a': 2746102073, 'p': '34336.49000000', 'q': '0.00070000', 'f': 3266946520, 'l': 3266946520, 'T': 1698987975248, 'm': True, 'M': True}
2023-11-03 10:36:31,663 - INFO - {'e': 'aggTrade', 'E': 1698987975247, 's': 'BTCUSDT', 'a': 2746102073, 'p': '34336.49000000', 'q': '0.00070000', 'f': 3266946520, 'l': 3266946520, 'T': 1698987975248, 'm': True, 'M': True}
2023-11-03 10:36:33,721 - INFO - {'e': 'aggTrade', 'E': 1698987979571, 's': 'BTCUSDT', 'a': 2746102207, 'p': '34341.43000000', 'q': '0.00134000', 'f': 3266946716, 'l': 3266946716, 'T': 1698987979570, 'm': False, 'M': True}
2023-11-03 10:36:33,722 - INFO - {'e': 'aggTrade', 'E': 1698987979571, 's': 'BTCUSDT', 'a': 2746102207, 'p': '34341.43000000', 'q': '0.00134000', 'f': 3266946716, 'l': 3266946716, 'T': 1698987979570, 'm': False, 'M': True}
2023-11-03 10:36:35,782 - INFO - {'e': 'aggTrade', 'E': 1698987994801, 's': 'BTCUSDT', 'a': 2746102410, 'p': '34354.17000000', 'q': '0.01728000', 'f': 3266946998, 'l': 3266946998, 'T': 1698987994800, 'm': True, 'M': True}
2023-11-03 10:36:35,783 - INFO - {'e': 'aggTrade', 'E': 1698987994801, 's': 'BTCUSDT', 'a': 2746102410, 'p': '34354.17000000', 'q': '0.01728000', 'f': 3266946998, 'l': 3266946998, 'T': 1698987994800, 'm': True, 'M': True}
2023-11-03 10:36:37,809 - INFO - {'e': 'aggTrade', 'E': 1698987997176, 's': 'BTCUSDT', 'a': 2746102507, 'p': '34368.48000000', 'q': '0.00243000', 'f': 3266947111, 'l': 3266947112, 'T': 1698987997175, 'm': False, 'M': True}
2023-11-03 10:36:37,809 - INFO - {'e': 'aggTrade', 'E': 1698987997176, 's': 'BTCUSDT', 'a': 2746102507, 'p': '34368.48000000', 'q': '0.00243000', 'f': 3266947111, 'l': 3266947112, 'T': 1698987997175, 'm': False, 'M': True}
2023-11-03 10:36:39,826 - INFO - {'e': 'aggTrade', 'E': 1698987998079, 's': 'BTCUSDT', 'a': 2746102589, 'p': '34373.34000000', 'q': '0.00371000', 'f': 3266947201, 'l': 3266947201, 'T': 1698987998073, 'm': True, 'M': True}
2023-11-03 10:36:39,826 - INFO - {'e': 'aggTrade', 'E': 1698987998079, 's': 'BTCUSDT', 'a': 2746102589, 'p': '34373.34000000', 'q': '0.00371000', 'f': 3266947201, 'l': 3266947201, 'T': 1698987998073, 'm': True, 'M': True}
2023-11-03 10:36:41,862 - INFO - {'e': 'aggTrade', 'E': 1698988001515, 's': 'BTCUSDT', 'a': 2746102674, 'p': '34367.74000000', 'q': '0.01762000', 'f': 3266947312, 'l': 3266947312, 'T': 1698988001514, 'm': False, 'M': True}
2023-11-03 10:36:41,863 - INFO - {'e': 'aggTrade', 'E': 1698988001515, 's': 'BTCUSDT', 'a': 2746102674, 'p': '34367.74000000', 'q': '0.01762000', 'f': 3266947312, 'l': 3266947312, 'T': 1698988001514, 'm': False, 'M': True}
2023-11-03 10:36:43,896 - INFO - {'e': 'aggTrade', 'E': 1698988003045, 's': 'BTCUSDT', 'a': 2746102680, 'p': '34367.73000000', 'q': '0.00104000', 'f': 3266947318, 'l': 3266947318, 'T': 1698988003045, 'm': True, 'M': True}
2023-11-03 10:36:43,896 - INFO - {'e': 'aggTrade', 'E': 1698988003045, 's': 'BTCUSDT', 'a': 2746102680, 'p': '34367.73000000', 'q': '0.00104000', 'f': 3266947318, 'l': 3266947318, 'T': 1698988003045, 'm': True, 'M': True}
2023-11-03 10:36:45,929 - INFO - {'e': 'aggTrade', 'E': 1698988005848, 's': 'BTCUSDT', 'a': 2746102719, 'p': '34375.78000000', 'q': '0.00223000', 'f': 3266947380, 'l': 3266947380, 'T': 1698988005847, 'm': True, 'M': True}
2023-11-03 10:36:45,930 - INFO - {'e': 'aggTrade', 'E': 1698988005848, 's': 'BTCUSDT', 'a': 2746102719, 'p': '34375.78000000', 'q': '0.00223000', 'f': 3266947380, 'l': 3266947380, 'T': 1698988005847, 'm': True, 'M': True}
2023-11-03 10:36:47,973 - INFO - {'e': 'aggTrade', 'E': 1698988007528, 's': 'BTCUSDT', 'a': 2746102753, 'p': '34381.17000000', 'q': '0.58158000', 'f': 3266947425, 'l': 3266947425, 'T': 1698988007527, 'm': True, 'M': True}
2023-11-03 10:36:47,973 - INFO - {'e': 'aggTrade', 'E': 1698988007528, 's': 'BTCUSDT', 'a': 2746102753, 'p': '34381.17000000', 'q': '0.58158000', 'f': 3266947425, 'l': 3266947425, 'T': 1698988007527, 'm': True, 'M': True}
2023-11-03 10:36:50,007 - INFO - {'e': 'aggTrade', 'E': 1698988007528, 's': 'BTCUSDT', 'a': 2746102753, 'p': '34381.17000000', 'q': '0.58158000', 'f': 3266947425, 'l': 3266947425, 'T': 1698988007527, 'm': True, 'M': True}
2023-11-03 10:36:50,009 - INFO - {'e': 'aggTrade', 'E': 1698988007528, 's': 'BTCUSDT', 'a': 2746102753, 'p': '34381.17000000', 'q': '0.58158000', 'f': 3266947425, 'l': 3266947425, 'T': 1698988007527, 'm': True, 'M': True}
2023-11-03 10:36:52,057 - INFO - {'e': 'aggTrade', 'E': 1698988012419, 's': 'BTCUSDT', 'a': 2746102776, 'p': '34381.93000000', 'q': '0.00082000', 'f': 3266947479, 'l': 3266947479, 'T': 1698988012418, 'm': False, 'M': True}
2023-11-03 10:36:52,057 - INFO - {'e': 'aggTrade', 'E': 1698988012419, 's': 'BTCUSDT', 'a': 2746102776, 'p': '34381.93000000', 'q': '0.00082000', 'f': 3266947479, 'l': 3266947479, 'T': 1698988012418, 'm': False, 'M': True}
2023-11-03 10:36:54,087 - INFO - {'e': 'aggTrade', 'E': 1698988013868, 's': 'BTCUSDT', 'a': 2746102798, 'p': '34385.64000000', 'q': '0.01965000', 'f': 3266947508, 'l': 3266947508, 'T': 1698988013867, 'm': False, 'M': True}
2023-11-03 10:36:54,089 - INFO - {'e': 'aggTrade', 'E': 1698988013868, 's': 'BTCUSDT', 'a': 2746102798, 'p': '34385.64000000', 'q': '0.01965000', 'f': 3266947508, 'l': 3266947508, 'T': 1698988013867, 'm': False, 'M': True}
2023-11-03 10:36:56,130 - INFO - {'e': 'aggTrade', 'E': 1698988015214, 's': 'BTCUSDT', 'a': 2746102817, 'p': '34382.39000000', 'q': '0.00125000', 'f': 3266947543, 'l': 3266947544, 'T': 1698988015214, 'm': True, 'M': True}
2023-11-03 10:36:56,130 - INFO - {'e': 'aggTrade', 'E': 1698988015214, 's': 'BTCUSDT', 'a': 2746102817, 'p': '34382.39000000', 'q': '0.00125000', 'f': 3266947543, 'l': 3266947544, 'T': 1698988015214, 'm': True, 'M': True}
2023-11-03 10:36:58,157 - INFO - {'e': 'aggTrade', 'E': 1698988016418, 's': 'BTCUSDT', 'a': 2746102819, 'p': '34382.39000000', 'q': '0.00615000', 'f': 3266947549, 'l': 3266947552, 'T': 1698988016418, 'm': True, 'M': True}
2023-11-03 10:36:58,157 - INFO - {'e': 'aggTrade', 'E': 1698988016418, 's': 'BTCUSDT', 'a': 2746102819, 'p': '34382.39000000', 'q': '0.00615000', 'f': 3266947549, 'l': 3266947552, 'T': 1698988016418, 'm': True, 'M': True}
2023-11-03 10:37:00,199 - INFO - {'e': 'aggTrade', 'E': 1698988016418, 's': 'BTCUSDT', 'a': 2746102819, 'p': '34382.39000000', 'q': '0.00615000', 'f': 3266947549, 'l': 3266947552, 'T': 1698988016418, 'm': True, 'M': True}
2023-11-03 10:37:00,215 - INFO - {'e': 'aggTrade', 'E': 1698988016418, 's': 'BTCUSDT', 'a': 2746102819, 'p': '34382.39000000', 'q': '0.00615000', 'f': 3266947549, 'l': 3266947552, 'T': 1698988016418, 'm': True, 'M': True}
2023-11-03 10:37:02,246 - INFO - {'e': 'aggTrade', 'E': 1698988019984, 's': 'BTCUSDT', 'a': 2746102863, 'p': '34380.66000000', 'q': '0.00060000', 'f': 3266947615, 'l': 3266947615, 'T': 1698988019982, 'm': True, 'M': True}
2023-11-03 10:37:02,249 - INFO - {'e': 'aggTrade', 'E': 1698988019984, 's': 'BTCUSDT', 'a': 2746102863, 'p': '34380.66000000', 'q': '0.00060000', 'f': 3266947615, 'l': 3266947615, 'T': 1698988019982, 'm': True, 'M': True}
2023-11-03 10:37:04,304 - INFO - {'e': 'aggTrade', 'E': 1698988021903, 's': 'BTCUSDT', 'a': 2746102924, 'p': '34379.27000000', 'q': '0.00300000', 'f': 3266947681, 'l': 3266947681, 'T': 1698988021902, 'm': True, 'M': True}
2023-11-03 10:37:04,304 - INFO - {'e': 'aggTrade', 'E': 1698988021903, 's': 'BTCUSDT', 'a': 2746102924, 'p': '34379.27000000', 'q': '0.00300000', 'f': 3266947681, 'l': 3266947681, 'T': 1698988021902, 'm': True, 'M': True}
2023-11-03 10:37:06,353 - INFO - {'e': 'aggTrade', 'E': 1698988024565, 's': 'BTCUSDT', 'a': 2746102994, 'p': '34370.37000000', 'q': '0.00267000', 'f': 3266947762, 'l': 3266947762, 'T': 1698988024564, 'm': True, 'M': True}
2023-11-03 10:37:06,353 - INFO - {'e': 'aggTrade', 'E': 1698988024565, 's': 'BTCUSDT', 'a': 2746102994, 'p': '34370.37000000', 'q': '0.00267000', 'f': 3266947762, 'l': 3266947762, 'T': 1698988024564, 'm': True, 'M': True}
2023-11-03 10:37:08,395 - INFO - {'e': 'aggTrade', 'E': 1698988027282, 's': 'BTCUSDT', 'a': 2746103016, 'p': '34367.74000000', 'q': '0.00557000', 'f': 3266947797, 'l': 3266947797, 'T': 1698988027281, 'm': False, 'M': True}
2023-11-03 10:37:08,395 - INFO - {'e': 'aggTrade', 'E': 1698988027282, 's': 'BTCUSDT', 'a': 2746103016, 'p': '34367.74000000', 'q': '0.00557000', 'f': 3266947797, 'l': 3266947797, 'T': 1698988027281, 'm': False, 'M': True}
2023-11-03 10:37:10,437 - INFO - {'e': 'aggTrade', 'E': 1698988030033, 's': 'BTCUSDT', 'a': 2746103024, 'p': '34367.31000000', 'q': '0.19892000', 'f': 3266947833, 'l': 3266947833, 'T': 1698988030032, 'm': True, 'M': True}
2023-11-03 10:37:10,437 - INFO - {'e': 'aggTrade', 'E': 1698988030033, 's': 'BTCUSDT', 'a': 2746103024, 'p': '34367.31000000', 'q': '0.19892000', 'f': 3266947833, 'l': 3266947833, 'T': 1698988030032, 'm': True, 'M': True}
2023-11-03 10:37:12,494 - INFO - {'e': 'aggTrade', 'E': 1698988032095, 's': 'BTCUSDT', 'a': 2746103028, 'p': '34366.99000000', 'q': '0.26558000', 'f': 3266947849, 'l': 3266947849, 'T': 1698988032094, 'm': True, 'M': True}
2023-11-03 10:37:12,494 - INFO - {'e': 'aggTrade', 'E': 1698988032095, 's': 'BTCUSDT', 'a': 2746103028, 'p': '34366.99000000', 'q': '0.26558000', 'f': 3266947849, 'l': 3266947849, 'T': 1698988032094, 'm': True, 'M': True}
2023-11-03 10:37:14,551 - INFO - {'e': 'aggTrade', 'E': 1698988033323, 's': 'BTCUSDT', 'a': 2746103035, 'p': '34365.97000000', 'q': '0.00035000', 'f': 3266947858, 'l': 3266947858, 'T': 1698988033323, 'm': True, 'M': True}
2023-11-03 10:37:14,551 - INFO - {'e': 'aggTrade', 'E': 1698988033323, 's': 'BTCUSDT', 'a': 2746103035, 'p': '34365.97000000', 'q': '0.00035000', 'f': 3266947858, 'l': 3266947858, 'T': 1698988033323, 'm': True, 'M': True}
2023-11-03 10:37:16,608 - INFO - {'e': 'aggTrade', 'E': 1698988033323, 's': 'BTCUSDT', 'a': 2746103035, 'p': '34365.97000000', 'q': '0.00035000', 'f': 3266947858, 'l': 3266947858, 'T': 1698988033323, 'm': True, 'M': True}
2023-11-03 10:37:16,608 - INFO - {'e': 'aggTrade', 'E': 1698988033323, 's': 'BTCUSDT', 'a': 2746103035, 'p': '34365.97000000', 'q': '0.00035000', 'f': 3266947858, 'l': 3266947858, 'T': 1698988033323, 'm': True, 'M': True}
2023-11-03 10:37:18,656 - INFO - {'e': 'aggTrade', 'E': 1698988033323, 's': 'BTCUSDT', 'a': 2746103035, 'p': '34365.97000000', 'q': '0.00035000', 'f': 3266947858, 'l': 3266947858, 'T': 1698988033323, 'm': True, 'M': True}
2023-11-03 10:37:18,666 - INFO - {'e': 'aggTrade', 'E': 1698988033323, 's': 'BTCUSDT', 'a': 2746103035, 'p': '34365.97000000', 'q': '0.00035000', 'f': 3266947858, 'l': 3266947858, 'T': 1698988033323, 'm': True, 'M': True}
2023-11-03 10:37:20,724 - INFO - {'e': 'aggTrade', 'E': 1698988037233, 's': 'BTCUSDT', 'a': 2746103069, 'p': '34362.02000000', 'q': '0.50000000', 'f': 3266947898, 'l': 3266947899, 'T': 1698988037232, 'm': False, 'M': True}
2023-11-03 10:37:20,724 - INFO - {'e': 'aggTrade', 'E': 1698988037233, 's': 'BTCUSDT', 'a': 2746103069, 'p': '34362.02000000', 'q': '0.50000000', 'f': 3266947898, 'l': 3266947899, 'T': 1698988037232, 'm': False, 'M': True}
2023-11-03 10:37:22,782 - INFO - {'e': 'aggTrade', 'E': 1698988042972, 's': 'BTCUSDT', 'a': 2746103189, 'p': '34347.61000000', 'q': '0.06119000', 'f': 3266948071, 'l': 3266948072, 'T': 1698988042971, 'm': True, 'M': True}
2023-11-03 10:37:22,782 - INFO - {'e': 'aggTrade', 'E': 1698988042972, 's': 'BTCUSDT', 'a': 2746103189, 'p': '34347.61000000', 'q': '0.06119000', 'f': 3266948071, 'l': 3266948072, 'T': 1698988042971, 'm': True, 'M': True}
2023-11-03 10:37:24,818 - INFO - {'e': 'aggTrade', 'E': 1698988044764, 's': 'BTCUSDT', 'a': 2746103215, 'p': '34343.97000000', 'q': '0.00070000', 'f': 3266948104, 'l': 3266948104, 'T': 1698988044762, 'm': True, 'M': True}
2023-11-03 10:37:24,818 - INFO - {'e': 'aggTrade', 'E': 1698988044764, 's': 'BTCUSDT', 'a': 2746103215, 'p': '34343.97000000', 'q': '0.00070000', 'f': 3266948104, 'l': 3266948104, 'T': 1698988044762, 'm': True, 'M': True}
2023-11-03 10:37:26,869 - INFO - {'e': 'aggTrade', 'E': 1698988046649, 's': 'BTCUSDT', 'a': 2746103249, 'p': '34340.01000000', 'q': '0.00100000', 'f': 3266948140, 'l': 3266948140, 'T': 1698988046648, 'm': False, 'M': True}
2023-11-03 10:37:26,869 - INFO - {'e': 'aggTrade', 'E': 1698988046649, 's': 'BTCUSDT', 'a': 2746103249, 'p': '34340.01000000', 'q': '0.00100000', 'f': 3266948140, 'l': 3266948140, 'T': 1698988046648, 'm': False, 'M': True}
2023-11-03 10:37:28,897 - INFO - {'e': 'aggTrade', 'E': 1698988048763, 's': 'BTCUSDT', 'a': 2746103310, 'p': '34348.92000000', 'q': '0.02870000', 'f': 3266948229, 'l': 3266948229, 'T': 1698988048762, 'm': True, 'M': True}
2023-11-03 10:37:28,897 - INFO - {'e': 'aggTrade', 'E': 1698988048763, 's': 'BTCUSDT', 'a': 2746103310, 'p': '34348.92000000', 'q': '0.02870000', 'f': 3266948229, 'l': 3266948229, 'T': 1698988048762, 'm': True, 'M': True}
2023-11-03 10:37:30,942 - INFO - {'e': 'aggTrade', 'E': 1698988050484, 's': 'BTCUSDT', 'a': 2746103326, 'p': '34350.12000000', 'q': '0.00030000', 'f': 3266948251, 'l': 3266948251, 'T': 1698988050483, 'm': True, 'M': True}
2023-11-03 10:37:30,942 - INFO - {'e': 'aggTrade', 'E': 1698988050484, 's': 'BTCUSDT', 'a': 2746103326, 'p': '34350.12000000', 'q': '0.00030000', 'f': 3266948251, 'l': 3266948251, 'T': 1698988050483, 'm': True, 'M': True}
2023-11-03 10:37:32,975 - INFO - {'e': 'aggTrade', 'E': 1698988052664, 's': 'BTCUSDT', 'a': 2746103337, 'p': '34350.13000000', 'q': '0.01623000', 'f': 3266948264, 'l': 3266948264, 'T': 1698988052664, 'm': False, 'M': True}
2023-11-03 10:37:32,979 - INFO - {'e': 'aggTrade', 'E': 1698988052664, 's': 'BTCUSDT', 'a': 2746103337, 'p': '34350.13000000', 'q': '0.01623000', 'f': 3266948264, 'l': 3266948264, 'T': 1698988052664, 'm': False, 'M': True}
2023-11-03 10:37:35,005 - INFO - {'e': 'aggTrade', 'E': 1698988052664, 's': 'BTCUSDT', 'a': 2746103337, 'p': '34350.13000000', 'q': '0.01623000', 'f': 3266948264, 'l': 3266948264, 'T': 1698988052664, 'm': False, 'M': True}
2023-11-03 10:37:35,005 - INFO - {'e': 'aggTrade', 'E': 1698988052664, 's': 'BTCUSDT', 'a': 2746103337, 'p': '34350.13000000', 'q': '0.01623000', 'f': 3266948264, 'l': 3266948264, 'T': 1698988052664, 'm': False, 'M': True}
2023-11-03 10:37:37,034 - INFO - {'e': 'aggTrade', 'E': 1698988052664, 's': 'BTCUSDT', 'a': 2746103337, 'p': '34350.13000000', 'q': '0.01623000', 'f': 3266948264, 'l': 3266948264, 'T': 1698988052664, 'm': False, 'M': True}
2023-11-03 10:37:37,034 - INFO - {'e': 'aggTrade', 'E': 1698988052664, 's': 'BTCUSDT', 'a': 2746103337, 'p': '34350.13000000', 'q': '0.01623000', 'f': 3266948264, 'l': 3266948264, 'T': 1698988052664, 'm': False, 'M': True}
2023-11-03 10:37:39,059 - INFO - {'e': 'aggTrade', 'E': 1698988052664, 's': 'BTCUSDT', 'a': 2746103337, 'p': '34350.13000000', 'q': '0.01623000', 'f': 3266948264, 'l': 3266948264, 'T': 1698988052664, 'm': False, 'M': True}
2023-11-03 10:37:39,059 - INFO - {'e': 'aggTrade', 'E': 1698988052664, 's': 'BTCUSDT', 'a': 2746103337, 'p': '34350.13000000', 'q': '0.01623000', 'f': 3266948264, 'l': 3266948264, 'T': 1698988052664, 'm': False, 'M': True}
2023-11-03 10:37:41,088 - INFO - {'e': 'aggTrade', 'E': 1698988053952, 's': 'BTCUSDT', 'a': 2746103381, 'p': '34355.85000000', 'q': '0.00070000', 'f': 3266948329, 'l': 3266948329, 'T': 1698988053951, 'm': False, 'M': True}
2023-11-03 10:37:41,088 - INFO - {'e': 'aggTrade', 'E': 1698988053952, 's': 'BTCUSDT', 'a': 2746103381, 'p': '34355.85000000', 'q': '0.00070000', 'f': 3266948329, 'l': 3266948329, 'T': 1698988053951, 'm': False, 'M': True}
2023-11-03 10:37:43,133 - INFO - {'e': 'aggTrade', 'E': 1698988061597, 's': 'BTCUSDT', 'a': 2746103425, 'p': '34358.06000000', 'q': '0.01000000', 'f': 3266948396, 'l': 3266948396, 'T': 1698988061597, 'm': False, 'M': True}
2023-11-03 10:37:43,133 - INFO - {'e': 'aggTrade', 'E': 1698988061597, 's': 'BTCUSDT', 'a': 2746103425, 'p': '34358.06000000', 'q': '0.01000000', 'f': 3266948396, 'l': 3266948396, 'T': 1698988061597, 'm': False, 'M': True}
2023-11-03 10:37:45,176 - INFO - {'e': 'aggTrade', 'E': 1698988061597, 's': 'BTCUSDT', 'a': 2746103425, 'p': '34358.06000000', 'q': '0.01000000', 'f': 3266948396, 'l': 3266948396, 'T': 1698988061597, 'm': False, 'M': True}
2023-11-03 10:37:45,176 - INFO - {'e': 'aggTrade', 'E': 1698988061597, 's': 'BTCUSDT', 'a': 2746103425, 'p': '34358.06000000', 'q': '0.01000000', 'f': 3266948396, 'l': 3266948396, 'T': 1698988061597, 'm': False, 'M': True}
2023-11-03 10:37:47,211 - INFO - {'e': 'aggTrade', 'E': 1698988063815, 's': 'BTCUSDT', 'a': 2746103432, 'p': '34358.06000000', 'q': '0.03597000', 'f': 3266948403, 'l': 3266948403, 'T': 1698988063815, 'm': False, 'M': True}
2023-11-03 10:37:47,211 - INFO - {'e': 'aggTrade', 'E': 1698988063815, 's': 'BTCUSDT', 'a': 2746103432, 'p': '34358.06000000', 'q': '0.03597000', 'f': 3266948403, 'l': 3266948403, 'T': 1698988063815, 'm': False, 'M': True}
2023-11-03 10:37:49,277 - INFO - {'e': 'aggTrade', 'E': 1698988063815, 's': 'BTCUSDT', 'a': 2746103432, 'p': '34358.06000000', 'q': '0.03597000', 'f': 3266948403, 'l': 3266948403, 'T': 1698988063815, 'm': False, 'M': True}
2023-11-03 10:37:49,277 - INFO - {'e': 'aggTrade', 'E': 1698988063815, 's': 'BTCUSDT', 'a': 2746103432, 'p': '34358.06000000', 'q': '0.03597000', 'f': 3266948403, 'l': 3266948403, 'T': 1698988063815, 'm': False, 'M': True}
2023-11-03 10:37:51,326 - INFO - {'e': 'aggTrade', 'E': 1698988063815, 's': 'BTCUSDT', 'a': 2746103432, 'p': '34358.06000000', 'q': '0.03597000', 'f': 3266948403, 'l': 3266948403, 'T': 1698988063815, 'm': False, 'M': True}
2023-11-03 10:37:51,326 - INFO - {'e': 'aggTrade', 'E': 1698988063815, 's': 'BTCUSDT', 'a': 2746103432, 'p': '34358.06000000', 'q': '0.03597000', 'f': 3266948403, 'l': 3266948403, 'T': 1698988063815, 'm': False, 'M': True}
2023-11-03 10:37:53,377 - INFO - {'e': 'aggTrade', 'E': 1698988063815, 's': 'BTCUSDT', 'a': 2746103432, 'p': '34358.06000000', 'q': '0.03597000', 'f': 3266948403, 'l': 3266948403, 'T': 1698988063815, 'm': False, 'M': True}
2023-11-03 10:37:53,377 - INFO - {'e': 'aggTrade', 'E': 1698988063815, 's': 'BTCUSDT', 'a': 2746103432, 'p': '34358.06000000', 'q': '0.03597000', 'f': 3266948403, 'l': 3266948403, 'T': 1698988063815, 'm': False, 'M': True}
2023-11-03 10:37:55,442 - INFO - {'e': 'aggTrade', 'E': 1698988063815, 's': 'BTCUSDT', 'a': 2746103432, 'p': '34358.06000000', 'q': '0.03597000', 'f': 3266948403, 'l': 3266948403, 'T': 1698988063815, 'm': False, 'M': True}
2023-11-03 10:37:55,442 - INFO - {'e': 'aggTrade', 'E': 1698988063815, 's': 'BTCUSDT', 'a': 2746103432, 'p': '34358.06000000', 'q': '0.03597000', 'f': 3266948403, 'l': 3266948403, 'T': 1698988063815, 'm': False, 'M': True}
2023-11-03 10:37:57,492 - INFO - {'e': 'aggTrade', 'E': 1698988063815, 's': 'BTCUSDT', 'a': 2746103432, 'p': '34358.06000000', 'q': '0.03597000', 'f': 3266948403, 'l': 3266948403, 'T': 1698988063815, 'm': False, 'M': True}
2023-11-03 10:37:57,494 - INFO - {'e': 'aggTrade', 'E': 1698988063815, 's': 'BTCUSDT', 'a': 2746103432, 'p': '34358.06000000', 'q': '0.03597000', 'f': 3266948403, 'l': 3266948403, 'T': 1698988063815, 'm': False, 'M': True}
2023-11-03 10:37:59,523 - INFO - {'e': 'aggTrade', 'E': 1698988063815, 's': 'BTCUSDT', 'a': 2746103432, 'p': '34358.06000000', 'q': '0.03597000', 'f': 3266948403, 'l': 3266948403, 'T': 1698988063815, 'm': False, 'M': True}
2023-11-03 10:37:59,523 - INFO - {'e': 'aggTrade', 'E': 1698988063815, 's': 'BTCUSDT', 'a': 2746103432, 'p': '34358.06000000', 'q': '0.03597000', 'f': 3266948403, 'l': 3266948403, 'T': 1698988063815, 'm': False, 'M': True}
2023-11-03 10:38:01,574 - INFO - {'e': 'aggTrade', 'E': 1698988063815, 's': 'BTCUSDT', 'a': 2746103432, 'p': '34358.06000000', 'q': '0.03597000', 'f': 3266948403, 'l': 3266948403, 'T': 1698988063815, 'm': False, 'M': True}
2023-11-03 10:38:01,574 - INFO - {'e': 'aggTrade', 'E': 1698988063815, 's': 'BTCUSDT', 'a': 2746103432, 'p': '34358.06000000', 'q': '0.03597000', 'f': 3266948403, 'l': 3266948403, 'T': 1698988063815, 'm': False, 'M': True}
2023-11-03 10:38:03,599 - INFO - {'e': 'aggTrade', 'E': 1698988063815, 's': 'BTCUSDT', 'a': 2746103432, 'p': '34358.06000000', 'q': '0.03597000', 'f': 3266948403, 'l': 3266948403, 'T': 1698988063815, 'm': False, 'M': True}
2023-11-03 10:38:03,601 - INFO - {'e': 'aggTrade', 'E': 1698988063815, 's': 'BTCUSDT', 'a': 2746103432, 'p': '34358.06000000', 'q': '0.03597000', 'f': 3266948403, 'l': 3266948403, 'T': 1698988063815, 'm': False, 'M': True}
2023-11-03 10:38:05,645 - INFO - {'e': 'aggTrade', 'E': 1698988067047, 's': 'BTCUSDT', 'a': 2746103449, 'p': '34359.37000000', 'q': '0.00107000', 'f': 3266948444, 'l': 3266948445, 'T': 1698988067046, 'm': False, 'M': True}
2023-11-03 10:38:05,658 - INFO - {'e': 'aggTrade', 'E': 1698988067047, 's': 'BTCUSDT', 'a': 2746103449, 'p': '34359.37000000', 'q': '0.00107000', 'f': 3266948444, 'l': 3266948445, 'T': 1698988067046, 'm': False, 'M': True}
2023-11-03 10:38:07,693 - INFO - {'e': 'aggTrade', 'E': 1698988067047, 's': 'BTCUSDT', 'a': 2746103449, 'p': '34359.37000000', 'q': '0.00107000', 'f': 3266948444, 'l': 3266948445, 'T': 1698988067046, 'm': False, 'M': True}
2023-11-03 10:38:07,698 - INFO - {'e': 'aggTrade', 'E': 1698988067047, 's': 'BTCUSDT', 'a': 2746103449, 'p': '34359.37000000', 'q': '0.00107000', 'f': 3266948444, 'l': 3266948445, 'T': 1698988067046, 'm': False, 'M': True}
2023-11-03 10:38:09,708 - INFO - {'e': 'aggTrade', 'E': 1698988067047, 's': 'BTCUSDT', 'a': 2746103449, 'p': '34359.37000000', 'q': '0.00107000', 'f': 3266948444, 'l': 3266948445, 'T': 1698988067046, 'm': False, 'M': True}
2023-11-03 10:38:09,708 - INFO - {'e': 'aggTrade', 'E': 1698988067047, 's': 'BTCUSDT', 'a': 2746103449, 'p': '34359.37000000', 'q': '0.00107000', 'f': 3266948444, 'l': 3266948445, 'T': 1698988067046, 'm': False, 'M': True}
2023-11-03 10:38:11,755 - INFO - {'e': 'aggTrade', 'E': 1698988067218, 's': 'BTCUSDT', 'a': 2746103456, 'p': '34360.00000000', 'q': '0.00911000', 'f': 3266948453, 'l': 3266948453, 'T': 1698988067218, 'm': False, 'M': True}
2023-11-03 10:38:11,755 - INFO - {'e': 'aggTrade', 'E': 1698988067218, 's': 'BTCUSDT', 'a': 2746103456, 'p': '34360.00000000', 'q': '0.00911000', 'f': 3266948453, 'l': 3266948453, 'T': 1698988067218, 'm': False, 'M': True}
2023-11-03 10:38:13,800 - INFO - {'e': 'aggTrade', 'E': 1698988069502, 's': 'BTCUSDT', 'a': 2746103480, 'p': '34362.01000000', 'q': '0.00070000', 'f': 3266948481, 'l': 3266948481, 'T': 1698988069500, 'm': False, 'M': True}
2023-11-03 10:38:13,800 - INFO - {'e': 'aggTrade', 'E': 1698988069502, 's': 'BTCUSDT', 'a': 2746103480, 'p': '34362.01000000', 'q': '0.00070000', 'f': 3266948481, 'l': 3266948481, 'T': 1698988069500, 'm': False, 'M': True}
2023-11-03 10:38:15,834 - INFO - {'e': 'aggTrade', 'E': 1698988070850, 's': 'BTCUSDT', 'a': 2746103490, 'p': '34363.18000000', 'q': '0.01337000', 'f': 3266948491, 'l': 3266948495, 'T': 1698988070849, 'm': False, 'M': True}
2023-11-03 10:38:15,834 - INFO - {'e': 'aggTrade', 'E': 1698988070850, 's': 'BTCUSDT', 'a': 2746103490, 'p': '34363.18000000', 'q': '0.01337000', 'f': 3266948491, 'l': 3266948495, 'T': 1698988070849, 'm': False, 'M': True}
2023-11-03 10:38:17,888 - INFO - {'e': 'aggTrade', 'E': 1698988073236, 's': 'BTCUSDT', 'a': 2746103530, 'p': '34368.42000000', 'q': '0.00097000', 'f': 3266948538, 'l': 3266948538, 'T': 1698988073236, 'm': True, 'M': True}
2023-11-03 10:38:17,888 - INFO - {'e': 'aggTrade', 'E': 1698988073236, 's': 'BTCUSDT', 'a': 2746103530, 'p': '34368.42000000', 'q': '0.00097000', 'f': 3266948538, 'l': 3266948538, 'T': 1698988073236, 'm': True, 'M': True}
2023-11-03 10:38:19,926 - INFO - {'e': 'aggTrade', 'E': 1698988079997, 's': 'BTCUSDT', 'a': 2746103598, 'p': '34368.60000000', 'q': '0.00243000', 'f': 3266948632, 'l': 3266948632, 'T': 1698988079996, 'm': True, 'M': True}
2023-11-03 10:38:19,926 - INFO - {'e': 'aggTrade', 'E': 1698988079997, 's': 'BTCUSDT', 'a': 2746103598, 'p': '34368.60000000', 'q': '0.00243000', 'f': 3266948632, 'l': 3266948632, 'T': 1698988079996, 'm': True, 'M': True}
2023-11-03 10:38:21,963 - INFO - {'e': 'aggTrade', 'E': 1698988096139, 's': 'BTCUSDT', 'a': 2746103706, 'p': '34368.05000000', 'q': '0.00038000', 'f': 3266948791, 'l': 3266948791, 'T': 1698988096138, 'm': True, 'M': True}
2023-11-03 10:38:21,963 - INFO - {'e': 'aggTrade', 'E': 1698988096139, 's': 'BTCUSDT', 'a': 2746103706, 'p': '34368.05000000', 'q': '0.00038000', 'f': 3266948791, 'l': 3266948791, 'T': 1698988096138, 'm': True, 'M': True}
2023-11-03 10:38:23,997 - INFO - {'e': 'aggTrade', 'E': 1698988096139, 's': 'BTCUSDT', 'a': 2746103706, 'p': '34368.05000000', 'q': '0.00038000', 'f': 3266948791, 'l': 3266948791, 'T': 1698988096138, 'm': True, 'M': True}
2023-11-03 10:38:23,998 - INFO - {'e': 'aggTrade', 'E': 1698988096139, 's': 'BTCUSDT', 'a': 2746103706, 'p': '34368.05000000', 'q': '0.00038000', 'f': 3266948791, 'l': 3266948791, 'T': 1698988096138, 'm': True, 'M': True}
2023-11-03 10:38:26,047 - INFO - {'e': 'aggTrade', 'E': 1698988096139, 's': 'BTCUSDT', 'a': 2746103706, 'p': '34368.05000000', 'q': '0.00038000', 'f': 3266948791, 'l': 3266948791, 'T': 1698988096138, 'm': True, 'M': True}
2023-11-03 10:38:26,051 - INFO - {'e': 'aggTrade', 'E': 1698988096139, 's': 'BTCUSDT', 'a': 2746103706, 'p': '34368.05000000', 'q': '0.00038000', 'f': 3266948791, 'l': 3266948791, 'T': 1698988096138, 'm': True, 'M': True}
2023-11-03 10:38:28,114 - INFO - {'e': 'aggTrade', 'E': 1698988096139, 's': 'BTCUSDT', 'a': 2746103706, 'p': '34368.05000000', 'q': '0.00038000', 'f': 3266948791, 'l': 3266948791, 'T': 1698988096138, 'm': True, 'M': True}
2023-11-03 10:38:28,114 - INFO - {'e': 'aggTrade', 'E': 1698988096139, 's': 'BTCUSDT', 'a': 2746103706, 'p': '34368.05000000', 'q': '0.00038000', 'f': 3266948791, 'l': 3266948791, 'T': 1698988096138, 'm': True, 'M': True}
2023-11-03 10:38:30,176 - INFO - {'e': 'aggTrade', 'E': 1698988102839, 's': 'BTCUSDT', 'a': 2746103785, 'p': '34375.85000000', 'q': '0.00713000', 'f': 3266948901, 'l': 3266948901, 'T': 1698988102838, 'm': True, 'M': True}
2023-11-03 10:38:30,176 - INFO - {'e': 'aggTrade', 'E': 1698988102839, 's': 'BTCUSDT', 'a': 2746103785, 'p': '34375.85000000', 'q': '0.00713000', 'f': 3266948901, 'l': 3266948901, 'T': 1698988102838, 'm': True, 'M': True}
2023-11-03 10:38:32,239 - INFO - {'e': 'aggTrade', 'E': 1698988102839, 's': 'BTCUSDT', 'a': 2746103785, 'p': '34375.85000000', 'q': '0.00713000', 'f': 3266948901, 'l': 3266948901, 'T': 1698988102838, 'm': True, 'M': True}
2023-11-03 10:38:32,239 - INFO - {'e': 'aggTrade', 'E': 1698988102839, 's': 'BTCUSDT', 'a': 2746103785, 'p': '34375.85000000', 'q': '0.00713000', 'f': 3266948901, 'l': 3266948901, 'T': 1698988102838, 'm': True, 'M': True}
2023-11-03 10:38:34,318 - INFO - {'e': 'aggTrade', 'E': 1698988102839, 's': 'BTCUSDT', 'a': 2746103785, 'p': '34375.85000000', 'q': '0.00713000', 'f': 3266948901, 'l': 3266948901, 'T': 1698988102838, 'm': True, 'M': True}
2023-11-03 10:38:34,318 - INFO - {'e': 'aggTrade', 'E': 1698988102839, 's': 'BTCUSDT', 'a': 2746103785, 'p': '34375.85000000', 'q': '0.00713000', 'f': 3266948901, 'l': 3266948901, 'T': 1698988102838, 'm': True, 'M': True}
2023-11-03 10:38:36,372 - INFO - {'e': 'aggTrade', 'E': 1698988110625, 's': 'BTCUSDT', 'a': 2746103827, 'p': '34379.78000000', 'q': '0.09613000', 'f': 3266948958, 'l': 3266948958, 'T': 1698988110624, 'm': True, 'M': True}
2023-11-03 10:38:36,372 - INFO - {'e': 'aggTrade', 'E': 1698988110625, 's': 'BTCUSDT', 'a': 2746103827, 'p': '34379.78000000', 'q': '0.09613000', 'f': 3266948958, 'l': 3266948958, 'T': 1698988110624, 'm': True, 'M': True}
2023-11-03 10:38:38,393 - INFO - {'e': 'aggTrade', 'E': 1698988114492, 's': 'BTCUSDT', 'a': 2746103845, 'p': '34379.70000000', 'q': '0.00104000', 'f': 3266948994, 'l': 3266948994, 'T': 1698988114491, 'm': False, 'M': True}
2023-11-03 10:38:38,393 - INFO - {'e': 'aggTrade', 'E': 1698988114492, 's': 'BTCUSDT', 'a': 2746103845, 'p': '34379.70000000', 'q': '0.00104000', 'f': 3266948994, 'l': 3266948994, 'T': 1698988114491, 'm': False, 'M': True}
2023-11-03 10:38:40,458 - INFO - {'e': 'aggTrade', 'E': 1698988114492, 's': 'BTCUSDT', 'a': 2746103845, 'p': '34379.70000000', 'q': '0.00104000', 'f': 3266948994, 'l': 3266948994, 'T': 1698988114491, 'm': False, 'M': True}
2023-11-03 10:38:40,462 - INFO - {'e': 'aggTrade', 'E': 1698988114492, 's': 'BTCUSDT', 'a': 2746103845, 'p': '34379.70000000', 'q': '0.00104000', 'f': 3266948994, 'l': 3266948994, 'T': 1698988114491, 'm': False, 'M': True}
2023-11-03 10:38:42,503 - INFO - {'e': 'aggTrade', 'E': 1698988120001, 's': 'BTCUSDT', 'a': 2746103898, 'p': '34384.12000000', 'q': '0.00048000', 'f': 3266949068, 'l': 3266949068, 'T': 1698988120000, 'm': False, 'M': True}
2023-11-03 10:38:42,503 - INFO - {'e': 'aggTrade', 'E': 1698988120001, 's': 'BTCUSDT', 'a': 2746103898, 'p': '34384.12000000', 'q': '0.00048000', 'f': 3266949068, 'l': 3266949068, 'T': 1698988120000, 'm': False, 'M': True}
2023-11-03 10:38:44,566 - INFO - {'e': 'aggTrade', 'E': 1698988122995, 's': 'BTCUSDT', 'a': 2746103921, 'p': '34385.68000000', 'q': '0.00142000', 'f': 3266949093, 'l': 3266949094, 'T': 1698988122994, 'm': False, 'M': True}
2023-11-03 10:38:44,568 - INFO - {'e': 'aggTrade', 'E': 1698988122995, 's': 'BTCUSDT', 'a': 2746103921, 'p': '34385.68000000', 'q': '0.00142000', 'f': 3266949093, 'l': 3266949094, 'T': 1698988122994, 'm': False, 'M': True}
2023-11-03 10:38:46,629 - INFO - {'e': 'aggTrade', 'E': 1698988123804, 's': 'BTCUSDT', 'a': 2746103929, 'p': '34385.67000000', 'q': '0.00028000', 'f': 3266949105, 'l': 3266949105, 'T': 1698988123803, 'm': True, 'M': True}
2023-11-03 10:38:46,629 - INFO - {'e': 'aggTrade', 'E': 1698988123804, 's': 'BTCUSDT', 'a': 2746103929, 'p': '34385.67000000', 'q': '0.00028000', 'f': 3266949105, 'l': 3266949105, 'T': 1698988123803, 'm': True, 'M': True}
2023-11-03 10:38:48,689 - INFO - {'e': 'aggTrade', 'E': 1698988125406, 's': 'BTCUSDT', 'a': 2746103968, 'p': '34384.24000000', 'q': '0.00276000', 'f': 3266949181, 'l': 3266949181, 'T': 1698988125405, 'm': True, 'M': True}
2023-11-03 10:38:48,689 - INFO - {'e': 'aggTrade', 'E': 1698988125406, 's': 'BTCUSDT', 'a': 2746103968, 'p': '34384.24000000', 'q': '0.00276000', 'f': 3266949181, 'l': 3266949181, 'T': 1698988125405, 'm': True, 'M': True}
2023-11-03 10:38:50,750 - INFO - {'e': 'aggTrade', 'E': 1698988125406, 's': 'BTCUSDT', 'a': 2746103968, 'p': '34384.24000000', 'q': '0.00276000', 'f': 3266949181, 'l': 3266949181, 'T': 1698988125405, 'm': True, 'M': True}
2023-11-03 10:38:50,750 - INFO - {'e': 'aggTrade', 'E': 1698988125406, 's': 'BTCUSDT', 'a': 2746103968, 'p': '34384.24000000', 'q': '0.00276000', 'f': 3266949181, 'l': 3266949181, 'T': 1698988125405, 'm': True, 'M': True}
2023-11-03 10:38:52,785 - INFO - {'e': 'aggTrade', 'E': 1698988125406, 's': 'BTCUSDT', 'a': 2746103968, 'p': '34384.24000000', 'q': '0.00276000', 'f': 3266949181, 'l': 3266949181, 'T': 1698988125405, 'm': True, 'M': True}
2023-11-03 10:38:52,785 - INFO - {'e': 'aggTrade', 'E': 1698988125406, 's': 'BTCUSDT', 'a': 2746103968, 'p': '34384.24000000', 'q': '0.00276000', 'f': 3266949181, 'l': 3266949181, 'T': 1698988125405, 'm': True, 'M': True}
2023-11-03 10:38:54,807 - INFO - {'e': 'aggTrade', 'E': 1698988128605, 's': 'BTCUSDT', 'a': 2746103975, 'p': '34384.24000000', 'q': '0.01166000', 'f': 3266949193, 'l': 3266949195, 'T': 1698988128605, 'm': True, 'M': True}
2023-11-03 10:38:54,807 - INFO - {'e': 'aggTrade', 'E': 1698988128605, 's': 'BTCUSDT', 'a': 2746103975, 'p': '34384.24000000', 'q': '0.01166000', 'f': 3266949193, 'l': 3266949195, 'T': 1698988128605, 'm': True, 'M': True}
2023-11-03 10:38:56,827 - INFO - {'e': 'aggTrade', 'E': 1698988128605, 's': 'BTCUSDT', 'a': 2746103975, 'p': '34384.24000000', 'q': '0.01166000', 'f': 3266949193, 'l': 3266949195, 'T': 1698988128605, 'm': True, 'M': True}
2023-11-03 10:38:56,827 - INFO - {'e': 'aggTrade', 'E': 1698988128605, 's': 'BTCUSDT', 'a': 2746103975, 'p': '34384.24000000', 'q': '0.01166000', 'f': 3266949193, 'l': 3266949195, 'T': 1698988128605, 'm': True, 'M': True}
2023-11-03 10:38:58,874 - INFO - {'e': 'aggTrade', 'E': 1698988134270, 's': 'BTCUSDT', 'a': 2746104017, 'p': '34384.23000000', 'q': '0.00949000', 'f': 3266949313, 'l': 3266949313, 'T': 1698988134269, 'm': True, 'M': True}
2023-11-03 10:38:58,874 - INFO - {'e': 'aggTrade', 'E': 1698988134270, 's': 'BTCUSDT', 'a': 2746104017, 'p': '34384.23000000', 'q': '0.00949000', 'f': 3266949313, 'l': 3266949313, 'T': 1698988134269, 'm': True, 'M': True}
2023-11-03 10:39:00,921 - INFO - {'e': 'aggTrade', 'E': 1698988134270, 's': 'BTCUSDT', 'a': 2746104017, 'p': '34384.23000000', 'q': '0.00949000', 'f': 3266949313, 'l': 3266949313, 'T': 1698988134269, 'm': True, 'M': True}
2023-11-03 10:39:00,921 - INFO - {'e': 'aggTrade', 'E': 1698988134270, 's': 'BTCUSDT', 'a': 2746104017, 'p': '34384.23000000', 'q': '0.00949000', 'f': 3266949313, 'l': 3266949313, 'T': 1698988134269, 'm': True, 'M': True}
2023-11-03 10:39:02,942 - INFO - {'e': 'aggTrade', 'E': 1698988134270, 's': 'BTCUSDT', 'a': 2746104017, 'p': '34384.23000000', 'q': '0.00949000', 'f': 3266949313, 'l': 3266949313, 'T': 1698988134269, 'm': True, 'M': True}
2023-11-03 10:39:02,942 - INFO - {'e': 'aggTrade', 'E': 1698988134270, 's': 'BTCUSDT', 'a': 2746104017, 'p': '34384.23000000', 'q': '0.00949000', 'f': 3266949313, 'l': 3266949313, 'T': 1698988134269, 'm': True, 'M': True}
2023-11-03 10:39:04,983 - INFO - {'e': 'aggTrade', 'E': 1698988134270, 's': 'BTCUSDT', 'a': 2746104017, 'p': '34384.23000000', 'q': '0.00949000', 'f': 3266949313, 'l': 3266949313, 'T': 1698988134269, 'm': True, 'M': True}
2023-11-03 10:39:04,983 - INFO - {'e': 'aggTrade', 'E': 1698988134270, 's': 'BTCUSDT', 'a': 2746104017, 'p': '34384.23000000', 'q': '0.00949000', 'f': 3266949313, 'l': 3266949313, 'T': 1698988134269, 'm': True, 'M': True}
2023-11-03 10:39:07,074 - INFO - {'e': 'aggTrade', 'E': 1698988134270, 's': 'BTCUSDT', 'a': 2746104017, 'p': '34384.23000000', 'q': '0.00949000', 'f': 3266949313, 'l': 3266949313, 'T': 1698988134269, 'm': True, 'M': True}
2023-11-03 10:39:07,074 - INFO - {'e': 'aggTrade', 'E': 1698988134270, 's': 'BTCUSDT', 'a': 2746104017, 'p': '34384.23000000', 'q': '0.00949000', 'f': 3266949313, 'l': 3266949313, 'T': 1698988134269, 'm': True, 'M': True}
2023-11-03 10:39:09,136 - INFO - {'e': 'aggTrade', 'E': 1698988139066, 's': 'BTCUSDT', 'a': 2746104026, 'p': '34384.24000000', 'q': '0.02144000', 'f': 3266949329, 'l': 3266949329, 'T': 1698988139065, 'm': False, 'M': True}
2023-11-03 10:39:09,136 - INFO - {'e': 'aggTrade', 'E': 1698988139066, 's': 'BTCUSDT', 'a': 2746104026, 'p': '34384.24000000', 'q': '0.02144000', 'f': 3266949329, 'l': 3266949329, 'T': 1698988139065, 'm': False, 'M': True}
2023-11-03 10:39:11,173 - INFO - {'e': 'aggTrade', 'E': 1698988139066, 's': 'BTCUSDT', 'a': 2746104026, 'p': '34384.24000000', 'q': '0.02144000', 'f': 3266949329, 'l': 3266949329, 'T': 1698988139065, 'm': False, 'M': True}
2023-11-03 10:39:11,179 - INFO - {'e': 'aggTrade', 'E': 1698988139066, 's': 'BTCUSDT', 'a': 2746104026, 'p': '34384.24000000', 'q': '0.02144000', 'f': 3266949329, 'l': 3266949329, 'T': 1698988139065, 'm': False, 'M': True}
2023-11-03 10:39:13,229 - INFO - {'e': 'aggTrade', 'E': 1698988139066, 's': 'BTCUSDT', 'a': 2746104026, 'p': '34384.24000000', 'q': '0.02144000', 'f': 3266949329, 'l': 3266949329, 'T': 1698988139065, 'm': False, 'M': True}
2023-11-03 10:39:13,229 - INFO - {'e': 'aggTrade', 'E': 1698988139066, 's': 'BTCUSDT', 'a': 2746104026, 'p': '34384.24000000', 'q': '0.02144000', 'f': 3266949329, 'l': 3266949329, 'T': 1698988139065, 'm': False, 'M': True}
2023-11-03 10:39:15,262 - INFO - {'e': 'aggTrade', 'E': 1698988139066, 's': 'BTCUSDT', 'a': 2746104026, 'p': '34384.24000000', 'q': '0.02144000', 'f': 3266949329, 'l': 3266949329, 'T': 1698988139065, 'm': False, 'M': True}
2023-11-03 10:39:15,262 - INFO - {'e': 'aggTrade', 'E': 1698988139066, 's': 'BTCUSDT', 'a': 2746104026, 'p': '34384.24000000', 'q': '0.02144000', 'f': 3266949329, 'l': 3266949329, 'T': 1698988139065, 'm': False, 'M': True}
2023-11-03 10:39:17,323 - INFO - {'e': 'aggTrade', 'E': 1698988139066, 's': 'BTCUSDT', 'a': 2746104026, 'p': '34384.24000000', 'q': '0.02144000', 'f': 3266949329, 'l': 3266949329, 'T': 1698988139065, 'm': False, 'M': True}
2023-11-03 10:39:17,323 - INFO - {'e': 'aggTrade', 'E': 1698988139066, 's': 'BTCUSDT', 'a': 2746104026, 'p': '34384.24000000', 'q': '0.02144000', 'f': 3266949329, 'l': 3266949329, 'T': 1698988139065, 'm': False, 'M': True}
2023-11-03 10:39:19,374 - INFO - {'e': 'aggTrade', 'E': 1698988139066, 's': 'BTCUSDT', 'a': 2746104026, 'p': '34384.24000000', 'q': '0.02144000', 'f': 3266949329, 'l': 3266949329, 'T': 1698988139065, 'm': False, 'M': True}
2023-11-03 10:39:19,374 - INFO - {'e': 'aggTrade', 'E': 1698988139066, 's': 'BTCUSDT', 'a': 2746104026, 'p': '34384.24000000', 'q': '0.02144000', 'f': 3266949329, 'l': 3266949329, 'T': 1698988139065, 'm': False, 'M': True}
2023-11-03 10:39:21,410 - INFO - {'e': 'aggTrade', 'E': 1698988139066, 's': 'BTCUSDT', 'a': 2746104026, 'p': '34384.24000000', 'q': '0.02144000', 'f': 3266949329, 'l': 3266949329, 'T': 1698988139065, 'm': False, 'M': True}
2023-11-03 10:39:21,410 - INFO - {'e': 'aggTrade', 'E': 1698988139066, 's': 'BTCUSDT', 'a': 2746104026, 'p': '34384.24000000', 'q': '0.02144000', 'f': 3266949329, 'l': 3266949329, 'T': 1698988139065, 'm': False, 'M': True}
2023-11-03 10:39:23,450 - INFO - {'e': 'aggTrade', 'E': 1698988139066, 's': 'BTCUSDT', 'a': 2746104026, 'p': '34384.24000000', 'q': '0.02144000', 'f': 3266949329, 'l': 3266949329, 'T': 1698988139065, 'm': False, 'M': True}
2023-11-03 10:39:23,450 - INFO - {'e': 'aggTrade', 'E': 1698988139066, 's': 'BTCUSDT', 'a': 2746104026, 'p': '34384.24000000', 'q': '0.02144000', 'f': 3266949329, 'l': 3266949329, 'T': 1698988139065, 'm': False, 'M': True}
2023-11-03 10:39:25,502 - INFO - {'e': 'aggTrade', 'E': 1698988139982, 's': 'BTCUSDT', 'a': 2746104033, 'p': '34384.23000000', 'q': '0.00265000', 'f': 3266949337, 'l': 3266949337, 'T': 1698988139982, 'm': True, 'M': True}
2023-11-03 10:39:25,512 - INFO - {'e': 'aggTrade', 'E': 1698988139982, 's': 'BTCUSDT', 'a': 2746104033, 'p': '34384.23000000', 'q': '0.00265000', 'f': 3266949337, 'l': 3266949337, 'T': 1698988139982, 'm': True, 'M': True}
2023-11-03 10:39:27,574 - INFO - {'e': 'aggTrade', 'E': 1698988139999, 's': 'BTCUSDT', 'a': 2746104044, 'p': '34384.23000000', 'q': '0.00084000', 'f': 3266949348, 'l': 3266949348, 'T': 1698988139998, 'm': True, 'M': True}
2023-11-03 10:39:27,576 - INFO - {'e': 'aggTrade', 'E': 1698988139999, 's': 'BTCUSDT', 'a': 2746104044, 'p': '34384.23000000', 'q': '0.00084000', 'f': 3266949348, 'l': 3266949348, 'T': 1698988139998, 'm': True, 'M': True}
2023-11-03 12:37:31,211 - ERROR - Exception Occured HTTPConnectionPool(host='localhost', port=5000): Max retries exceeded with url: /ltm (Caused by NewConnectionError('<urllib3.connection.HTTPConnection object at 0x00000117BE0A5750>: Failed to establish a new connection: [WinError 10061] No connection could be made because the target machine actively refused it'))
2023-11-03 12:37:31,211 - ERROR - No data available
2023-11-03 12:37:42,295 - ERROR - Exception Occured Expecting value: line 1 column 1 (char 0)
2023-11-03 12:37:42,295 - ERROR - No data available
2023-11-03 12:37:44,346 - INFO - {'e': 'aggTrade', 'E': 1698995264241, 's': 'BTCUSDT', 'a': 2746158601, 'p': '34480.93000000', 'q': '0.00189000', 'f': 3267022921, 'l': 3267022921, 'T': 1698995264240, 'm': False, 'M': True}
2023-11-03 12:37:44,352 - INFO - {'e': 'aggTrade', 'E': 1698995264241, 's': 'BTCUSDT', 'a': 2746158601, 'p': '34480.93000000', 'q': '0.00189000', 'f': 3267022921, 'l': 3267022921, 'T': 1698995264240, 'm': False, 'M': True}
2023-11-03 12:37:46,425 - INFO - {'e': 'aggTrade', 'E': 1698995264590, 's': 'BTCUSDT', 'a': 2746158626, 'p': '34481.83000000', 'q': '0.02297000', 'f': 3267022968, 'l': 3267022968, 'T': 1698995264589, 'm': False, 'M': True}
2023-11-03 12:37:46,425 - INFO - {'e': 'aggTrade', 'E': 1698995264590, 's': 'BTCUSDT', 'a': 2746158626, 'p': '34481.83000000', 'q': '0.02297000', 'f': 3267022968, 'l': 3267022968, 'T': 1698995264589, 'm': False, 'M': True}
2023-11-03 12:37:48,482 - INFO - {'e': 'aggTrade', 'E': 1698995264590, 's': 'BTCUSDT', 'a': 2746158626, 'p': '34481.83000000', 'q': '0.02297000', 'f': 3267022968, 'l': 3267022968, 'T': 1698995264589, 'm': False, 'M': True}
2023-11-03 12:37:48,482 - INFO - {'e': 'aggTrade', 'E': 1698995264590, 's': 'BTCUSDT', 'a': 2746158626, 'p': '34481.83000000', 'q': '0.02297000', 'f': 3267022968, 'l': 3267022968, 'T': 1698995264589, 'm': False, 'M': True}
2023-11-03 12:37:50,525 - INFO - {'e': 'aggTrade', 'E': 1698995269405, 's': 'BTCUSDT', 'a': 2746158695, 'p': '34488.43000000', 'q': '0.00134000', 'f': 3267023044, 'l': 3267023044, 'T': 1698995269404, 'm': False, 'M': True}
2023-11-03 12:37:50,529 - INFO - {'e': 'aggTrade', 'E': 1698995269405, 's': 'BTCUSDT', 'a': 2746158695, 'p': '34488.43000000', 'q': '0.00134000', 'f': 3267023044, 'l': 3267023044, 'T': 1698995269404, 'm': False, 'M': True}
2023-11-03 12:37:52,569 - INFO - {'e': 'aggTrade', 'E': 1698995271039, 's': 'BTCUSDT', 'a': 2746158717, 'p': '34489.99000000', 'q': '0.00030000', 'f': 3267023077, 'l': 3267023077, 'T': 1698995271038, 'm': True, 'M': True}
2023-11-03 12:37:52,569 - INFO - {'e': 'aggTrade', 'E': 1698995271039, 's': 'BTCUSDT', 'a': 2746158717, 'p': '34489.99000000', 'q': '0.00030000', 'f': 3267023077, 'l': 3267023077, 'T': 1698995271038, 'm': True, 'M': True}
2023-11-03 12:37:54,636 - INFO - {'e': 'aggTrade', 'E': 1698995271388, 's': 'BTCUSDT', 'a': 2746158730, 'p': '34490.00000000', 'q': '0.00096000', 'f': 3267023091, 'l': 3267023091, 'T': 1698995271388, 'm': False, 'M': True}
2023-11-03 12:37:54,640 - INFO - {'e': 'aggTrade', 'E': 1698995271388, 's': 'BTCUSDT', 'a': 2746158730, 'p': '34490.00000000', 'q': '0.00096000', 'f': 3267023091, 'l': 3267023091, 'T': 1698995271388, 'm': False, 'M': True}
2023-11-03 12:37:56,682 - INFO - {'e': 'aggTrade', 'E': 1698995273461, 's': 'BTCUSDT', 'a': 2746158739, 'p': '34490.00000000', 'q': '0.08000000', 'f': 3267023100, 'l': 3267023100, 'T': 1698995273460, 'm': False, 'M': True}
2023-11-03 12:37:56,682 - INFO - {'e': 'aggTrade', 'E': 1698995273461, 's': 'BTCUSDT', 'a': 2746158739, 'p': '34490.00000000', 'q': '0.08000000', 'f': 3267023100, 'l': 3267023100, 'T': 1698995273460, 'm': False, 'M': True}
2023-11-03 12:37:58,766 - INFO - {'e': 'aggTrade', 'E': 1698995276664, 's': 'BTCUSDT', 'a': 2746158758, 'p': '34489.99000000', 'q': '0.05001000', 'f': 3267023119, 'l': 3267023119, 'T': 1698995276663, 'm': True, 'M': True}
2023-11-03 12:37:58,770 - INFO - {'e': 'aggTrade', 'E': 1698995276664, 's': 'BTCUSDT', 'a': 2746158758, 'p': '34489.99000000', 'q': '0.05001000', 'f': 3267023119, 'l': 3267023119, 'T': 1698995276663, 'm': True, 'M': True}
2023-11-03 12:38:00,820 - INFO - {'e': 'aggTrade', 'E': 1698995280005, 's': 'BTCUSDT', 'a': 2746158815, 'p': '34489.99000000', 'q': '0.00168000', 'f': 3267023176, 'l': 3267023176, 'T': 1698995280005, 'm': True, 'M': True}
2023-11-03 12:38:00,823 - INFO - {'e': 'aggTrade', 'E': 1698995280005, 's': 'BTCUSDT', 'a': 2746158815, 'p': '34489.99000000', 'q': '0.00168000', 'f': 3267023176, 'l': 3267023176, 'T': 1698995280005, 'm': True, 'M': True}
2023-11-03 12:38:02,890 - INFO - {'e': 'aggTrade', 'E': 1698995282367, 's': 'BTCUSDT', 'a': 2746158856, 'p': '34490.00000000', 'q': '0.04800000', 'f': 3267023218, 'l': 3267023218, 'T': 1698995282367, 'm': False, 'M': True}
2023-11-03 12:38:02,890 - INFO - {'e': 'aggTrade', 'E': 1698995282367, 's': 'BTCUSDT', 'a': 2746158856, 'p': '34490.00000000', 'q': '0.04800000', 'f': 3267023218, 'l': 3267023218, 'T': 1698995282367, 'm': False, 'M': True}
2023-11-03 12:38:04,935 - INFO - {'e': 'aggTrade', 'E': 1698995285165, 's': 'BTCUSDT', 'a': 2746158873, 'p': '34490.00000000', 'q': '0.00708000', 'f': 3267023236, 'l': 3267023236, 'T': 1698995285164, 'm': False, 'M': True}
2023-11-03 12:38:04,935 - INFO - {'e': 'aggTrade', 'E': 1698995285165, 's': 'BTCUSDT', 'a': 2746158873, 'p': '34490.00000000', 'q': '0.00708000', 'f': 3267023236, 'l': 3267023236, 'T': 1698995285164, 'm': False, 'M': True}
2023-11-03 12:38:06,973 - INFO - {'e': 'aggTrade', 'E': 1698995287537, 's': 'BTCUSDT', 'a': 2746158887, 'p': '34489.99000000', 'q': '0.00030000', 'f': 3267023250, 'l': 3267023250, 'T': 1698995287536, 'm': True, 'M': True}
2023-11-03 12:38:06,973 - INFO - {'e': 'aggTrade', 'E': 1698995287537, 's': 'BTCUSDT', 'a': 2746158887, 'p': '34489.99000000', 'q': '0.00030000', 'f': 3267023250, 'l': 3267023250, 'T': 1698995287536, 'm': True, 'M': True}
2023-11-03 12:38:09,020 - INFO - {'e': 'aggTrade', 'E': 1698995289451, 's': 'BTCUSDT', 'a': 2746158893, 'p': '34489.99000000', 'q': '0.00016000', 'f': 3267023256, 'l': 3267023256, 'T': 1698995289451, 'm': True, 'M': True}
2023-11-03 12:38:09,020 - INFO - {'e': 'aggTrade', 'E': 1698995289451, 's': 'BTCUSDT', 'a': 2746158893, 'p': '34489.99000000', 'q': '0.00016000', 'f': 3267023256, 'l': 3267023256, 'T': 1698995289451, 'm': True, 'M': True}
2023-11-03 12:38:11,082 - INFO - {'e': 'aggTrade', 'E': 1698995291007, 's': 'BTCUSDT', 'a': 2746158903, 'p': '34489.99000000', 'q': '0.00163000', 'f': 3267023266, 'l': 3267023266, 'T': 1698995291007, 'm': True, 'M': True}
2023-11-03 12:38:11,082 - INFO - {'e': 'aggTrade', 'E': 1698995291007, 's': 'BTCUSDT', 'a': 2746158903, 'p': '34489.99000000', 'q': '0.00163000', 'f': 3267023266, 'l': 3267023266, 'T': 1698995291007, 'm': True, 'M': True}
2023-11-03 12:38:13,129 - INFO - {'e': 'aggTrade', 'E': 1698995293414, 's': 'BTCUSDT', 'a': 2746158910, 'p': '34489.99000000', 'q': '0.00020000', 'f': 3267023273, 'l': 3267023273, 'T': 1698995293413, 'm': True, 'M': True}
2023-11-03 12:38:13,129 - INFO - {'e': 'aggTrade', 'E': 1698995293414, 's': 'BTCUSDT', 'a': 2746158910, 'p': '34489.99000000', 'q': '0.00020000', 'f': 3267023273, 'l': 3267023273, 'T': 1698995293413, 'm': True, 'M': True}
2023-11-03 12:38:15,194 - INFO - {'e': 'aggTrade', 'E': 1698995295779, 's': 'BTCUSDT', 'a': 2746158927, 'p': '34487.86000000', 'q': '0.28253000', 'f': 3267023322, 'l': 3267023324, 'T': 1698995295778, 'm': False, 'M': True}
2023-11-03 12:38:15,199 - INFO - {'e': 'aggTrade', 'E': 1698995295779, 's': 'BTCUSDT', 'a': 2746158927, 'p': '34487.86000000', 'q': '0.28253000', 'f': 3267023322, 'l': 3267023324, 'T': 1698995295778, 'm': False, 'M': True}
2023-11-03 12:38:17,253 - INFO - {'e': 'aggTrade', 'E': 1698995297448, 's': 'BTCUSDT', 'a': 2746158932, 'p': '34487.86000000', 'q': '0.00036000', 'f': 3267023334, 'l': 3267023334, 'T': 1698995297447, 'm': False, 'M': True}
2023-11-03 12:38:17,253 - INFO - {'e': 'aggTrade', 'E': 1698995297448, 's': 'BTCUSDT', 'a': 2746158932, 'p': '34487.86000000', 'q': '0.00036000', 'f': 3267023334, 'l': 3267023334, 'T': 1698995297447, 'm': False, 'M': True}
2023-11-03 12:38:19,305 - INFO - {'e': 'aggTrade', 'E': 1698995298818, 's': 'BTCUSDT', 'a': 2746158937, 'p': '34487.85000000', 'q': '0.00025000', 'f': 3267023339, 'l': 3267023339, 'T': 1698995298817, 'm': True, 'M': True}
2023-11-03 12:38:19,305 - INFO - {'e': 'aggTrade', 'E': 1698995298818, 's': 'BTCUSDT', 'a': 2746158937, 'p': '34487.85000000', 'q': '0.00025000', 'f': 3267023339, 'l': 3267023339, 'T': 1698995298817, 'm': True, 'M': True}
2023-11-03 12:38:21,376 - INFO - {'e': 'aggTrade', 'E': 1698995301357, 's': 'BTCUSDT', 'a': 2746158943, 'p': '34487.85000000', 'q': '0.00023000', 'f': 3267023345, 'l': 3267023345, 'T': 1698995301356, 'm': True, 'M': True}
2023-11-03 12:38:21,376 - INFO - {'e': 'aggTrade', 'E': 1698995301357, 's': 'BTCUSDT', 'a': 2746158943, 'p': '34487.85000000', 'q': '0.00023000', 'f': 3267023345, 'l': 3267023345, 'T': 1698995301356, 'm': True, 'M': True}
2023-11-03 12:38:23,445 - INFO - {'e': 'aggTrade', 'E': 1698995303860, 's': 'BTCUSDT', 'a': 2746158948, 'p': '34487.85000000', 'q': '0.00015000', 'f': 3267023350, 'l': 3267023350, 'T': 1698995303859, 'm': True, 'M': True}
2023-11-03 12:38:23,447 - INFO - {'e': 'aggTrade', 'E': 1698995303860, 's': 'BTCUSDT', 'a': 2746158948, 'p': '34487.85000000', 'q': '0.00015000', 'f': 3267023350, 'l': 3267023350, 'T': 1698995303859, 'm': True, 'M': True}
2023-11-03 12:38:25,501 - INFO - {'e': 'aggTrade', 'E': 1698995305657, 's': 'BTCUSDT', 'a': 2746158950, 'p': '34487.85000000', 'q': '0.00033000', 'f': 3267023352, 'l': 3267023352, 'T': 1698995305656, 'm': True, 'M': True}
2023-11-03 12:38:25,501 - INFO - {'e': 'aggTrade', 'E': 1698995305657, 's': 'BTCUSDT', 'a': 2746158950, 'p': '34487.85000000', 'q': '0.00033000', 'f': 3267023352, 'l': 3267023352, 'T': 1698995305656, 'm': True, 'M': True}
2023-11-03 12:38:27,553 - INFO - {'e': 'aggTrade', 'E': 1698995307810, 's': 'BTCUSDT', 'a': 2746158954, 'p': '34487.85000000', 'q': '0.00196000', 'f': 3267023357, 'l': 3267023357, 'T': 1698995307809, 'm': True, 'M': True}
2023-11-03 12:38:27,553 - INFO - {'e': 'aggTrade', 'E': 1698995307810, 's': 'BTCUSDT', 'a': 2746158954, 'p': '34487.85000000', 'q': '0.00196000', 'f': 3267023357, 'l': 3267023357, 'T': 1698995307809, 'm': True, 'M': True}
2023-11-03 12:38:29,633 - INFO - {'e': 'aggTrade', 'E': 1698995310100, 's': 'BTCUSDT', 'a': 2746158955, 'p': '34487.85000000', 'q': '0.00603000', 'f': 3267023358, 'l': 3267023358, 'T': 1698995310100, 'm': True, 'M': True}
2023-11-03 12:38:29,636 - INFO - {'e': 'aggTrade', 'E': 1698995310100, 's': 'BTCUSDT', 'a': 2746158955, 'p': '34487.85000000', 'q': '0.00603000', 'f': 3267023358, 'l': 3267023358, 'T': 1698995310100, 'm': True, 'M': True}
2023-11-03 12:38:31,679 - INFO - {'e': 'aggTrade', 'E': 1698995312095, 's': 'BTCUSDT', 'a': 2746158960, 'p': '34487.86000000', 'q': '0.00724000', 'f': 3267023363, 'l': 3267023363, 'T': 1698995312095, 'm': False, 'M': True}
2023-11-03 12:38:31,679 - INFO - {'e': 'aggTrade', 'E': 1698995312095, 's': 'BTCUSDT', 'a': 2746158960, 'p': '34487.86000000', 'q': '0.00724000', 'f': 3267023363, 'l': 3267023363, 'T': 1698995312095, 'm': False, 'M': True}
2023-11-03 12:38:33,755 - INFO - {'e': 'aggTrade', 'E': 1698995314304, 's': 'BTCUSDT', 'a': 2746158973, 'p': '34487.86000000', 'q': '0.00213000', 'f': 3267023376, 'l': 3267023376, 'T': 1698995314304, 'm': False, 'M': True}
2023-11-03 12:38:33,755 - INFO - {'e': 'aggTrade', 'E': 1698995314304, 's': 'BTCUSDT', 'a': 2746158973, 'p': '34487.86000000', 'q': '0.00213000', 'f': 3267023376, 'l': 3267023376, 'T': 1698995314304, 'm': False, 'M': True}
2023-11-03 12:38:35,832 - INFO - {'e': 'aggTrade', 'E': 1698995315869, 's': 'BTCUSDT', 'a': 2746158978, 'p': '34487.85000000', 'q': '0.00290000', 'f': 3267023383, 'l': 3267023383, 'T': 1698995315868, 'm': True, 'M': True}
2023-11-03 12:38:35,832 - INFO - {'e': 'aggTrade', 'E': 1698995315869, 's': 'BTCUSDT', 'a': 2746158978, 'p': '34487.85000000', 'q': '0.00290000', 'f': 3267023383, 'l': 3267023383, 'T': 1698995315868, 'm': True, 'M': True}
2023-11-03 12:38:37,908 - INFO - {'e': 'aggTrade', 'E': 1698995317959, 's': 'BTCUSDT', 'a': 2746158989, 'p': '34487.85000000', 'q': '0.00386000', 'f': 3267023394, 'l': 3267023394, 'T': 1698995317959, 'm': True, 'M': True}
2023-11-03 12:38:37,924 - INFO - {'e': 'aggTrade', 'E': 1698995317959, 's': 'BTCUSDT', 'a': 2746158989, 'p': '34487.85000000', 'q': '0.00386000', 'f': 3267023394, 'l': 3267023394, 'T': 1698995317959, 'm': True, 'M': True}
2023-11-03 12:38:39,985 - INFO - {'e': 'aggTrade', 'E': 1698995318983, 's': 'BTCUSDT', 'a': 2746158994, 'p': '34487.85000000', 'q': '0.00555000', 'f': 3267023399, 'l': 3267023399, 'T': 1698995318982, 'm': True, 'M': True}
2023-11-03 12:38:39,985 - INFO - {'e': 'aggTrade', 'E': 1698995318983, 's': 'BTCUSDT', 'a': 2746158994, 'p': '34487.85000000', 'q': '0.00555000', 'f': 3267023399, 'l': 3267023399, 'T': 1698995318982, 'm': True, 'M': True}
2023-11-03 12:38:42,046 - INFO - {'e': 'aggTrade', 'E': 1698995322410, 's': 'BTCUSDT', 'a': 2746159010, 'p': '34487.85000000', 'q': '0.00835000', 'f': 3267023428, 'l': 3267023428, 'T': 1698995322410, 'm': True, 'M': True}
2023-11-03 12:38:42,046 - INFO - {'e': 'aggTrade', 'E': 1698995322410, 's': 'BTCUSDT', 'a': 2746159010, 'p': '34487.85000000', 'q': '0.00835000', 'f': 3267023428, 'l': 3267023428, 'T': 1698995322410, 'm': True, 'M': True}
2023-11-03 12:38:44,108 - INFO - {'e': 'aggTrade', 'E': 1698995322410, 's': 'BTCUSDT', 'a': 2746159010, 'p': '34487.85000000', 'q': '0.00835000', 'f': 3267023428, 'l': 3267023428, 'T': 1698995322410, 'm': True, 'M': True}
2023-11-03 12:38:44,108 - INFO - {'e': 'aggTrade', 'E': 1698995322410, 's': 'BTCUSDT', 'a': 2746159010, 'p': '34487.85000000', 'q': '0.00835000', 'f': 3267023428, 'l': 3267023428, 'T': 1698995322410, 'm': True, 'M': True}
2023-11-03 12:38:46,176 - INFO - {'e': 'aggTrade', 'E': 1698995325899, 's': 'BTCUSDT', 'a': 2746159015, 'p': '34487.86000000', 'q': '0.03320000', 'f': 3267023434, 'l': 3267023434, 'T': 1698995325898, 'm': False, 'M': True}
2023-11-03 12:38:46,176 - INFO - {'e': 'aggTrade', 'E': 1698995325899, 's': 'BTCUSDT', 'a': 2746159015, 'p': '34487.86000000', 'q': '0.03320000', 'f': 3267023434, 'l': 3267023434, 'T': 1698995325898, 'm': False, 'M': True}
2023-11-03 12:38:48,215 - INFO - {'e': 'aggTrade', 'E': 1698995327449, 's': 'BTCUSDT', 'a': 2746159018, 'p': '34487.86000000', 'q': '0.00014000', 'f': 3267023437, 'l': 3267023437, 'T': 1698995327448, 'm': False, 'M': True}
2023-11-03 12:38:48,215 - INFO - {'e': 'aggTrade', 'E': 1698995327449, 's': 'BTCUSDT', 'a': 2746159018, 'p': '34487.86000000', 'q': '0.00014000', 'f': 3267023437, 'l': 3267023437, 'T': 1698995327448, 'm': False, 'M': True}
2023-11-03 12:38:50,266 - INFO - {'e': 'aggTrade', 'E': 1698995330839, 's': 'BTCUSDT', 'a': 2746159020, 'p': '34487.86000000', 'q': '0.23290000', 'f': 3267023439, 'l': 3267023441, 'T': 1698995330839, 'm': False, 'M': True}
2023-11-03 12:38:50,269 - INFO - {'e': 'aggTrade', 'E': 1698995330839, 's': 'BTCUSDT', 'a': 2746159020, 'p': '34487.86000000', 'q': '0.23290000', 'f': 3267023439, 'l': 3267023441, 'T': 1698995330839, 'm': False, 'M': True}
2023-11-03 12:38:52,304 - INFO - {'e': 'aggTrade', 'E': 1698995332898, 's': 'BTCUSDT', 'a': 2746159027, 'p': '34487.86000000', 'q': '0.01594000', 'f': 3267023449, 'l': 3267023450, 'T': 1698995332898, 'm': False, 'M': True}
2023-11-03 12:38:52,304 - INFO - {'e': 'aggTrade', 'E': 1698995332898, 's': 'BTCUSDT', 'a': 2746159027, 'p': '34487.86000000', 'q': '0.01594000', 'f': 3267023449, 'l': 3267023450, 'T': 1698995332898, 'm': False, 'M': True}
2023-11-03 12:58:37,061 - ERROR - Exception Occured Expecting value: line 1 column 1 (char 0)
2023-11-03 12:58:37,068 - ERROR - No data available
2023-11-03 12:58:39,113 - ERROR - Exception Occured Expecting value: line 1 column 1 (char 0)
2023-11-03 12:58:39,113 - ERROR - No data available
2023-11-03 12:58:41,163 - ERROR - Exception Occured Expecting value: line 1 column 1 (char 0)
2023-11-03 12:58:41,163 - ERROR - No data available
2023-11-03 12:58:43,192 - ERROR - Exception Occured Expecting value: line 1 column 1 (char 0)
2023-11-03 12:58:43,192 - ERROR - No data available
2023-11-03 12:58:45,235 - ERROR - Exception Occured Expecting value: line 1 column 1 (char 0)
2023-11-03 12:58:45,235 - ERROR - No data available
2023-11-03 12:58:47,264 - ERROR - Exception Occured Expecting value: line 1 column 1 (char 0)
2023-11-03 12:58:47,264 - ERROR - No data available
2023-11-03 12:58:49,310 - ERROR - Exception Occured Expecting value: line 1 column 1 (char 0)
2023-11-03 12:58:49,310 - ERROR - No data available
2023-11-03 12:58:51,343 - ERROR - Exception Occured Expecting value: line 1 column 1 (char 0)
2023-11-03 12:58:51,343 - ERROR - No data available
2023-11-03 12:58:53,375 - ERROR - Exception Occured Expecting value: line 1 column 1 (char 0)
2023-11-03 12:58:53,375 - ERROR - No data available
2023-11-03 12:58:55,418 - ERROR - Exception Occured Expecting value: line 1 column 1 (char 0)
2023-11-03 12:58:55,418 - ERROR - No data available
2023-11-03 12:58:57,459 - ERROR - Exception Occured Expecting value: line 1 column 1 (char 0)
2023-11-03 12:58:57,459 - ERROR - No data available
2023-11-03 12:58:59,537 - ERROR - Exception Occured Expecting value: line 1 column 1 (char 0)
2023-11-03 12:58:59,537 - ERROR - No data available
2023-11-03 12:59:01,600 - ERROR - Exception Occured Expecting value: line 1 column 1 (char 0)
2023-11-03 12:59:01,616 - ERROR - No data available
2023-11-03 12:59:03,674 - ERROR - Exception Occured Expecting value: line 1 column 1 (char 0)
2023-11-03 12:59:03,674 - ERROR - No data available
2023-11-03 12:59:05,725 - ERROR - Exception Occured Expecting value: line 1 column 1 (char 0)
2023-11-03 12:59:05,725 - ERROR - No data available
2023-11-03 12:59:07,798 - ERROR - Exception Occured Expecting value: line 1 column 1 (char 0)
2023-11-03 12:59:07,798 - ERROR - No data available
2023-11-03 12:59:09,855 - ERROR - Exception Occured Expecting value: line 1 column 1 (char 0)
2023-11-03 12:59:09,855 - ERROR - No data available
2023-11-03 12:59:11,897 - ERROR - Exception Occured Expecting value: line 1 column 1 (char 0)
2023-11-03 12:59:11,902 - ERROR - No data available
2023-11-03 12:59:13,959 - ERROR - Exception Occured Expecting value: line 1 column 1 (char 0)
2023-11-03 12:59:13,959 - ERROR - No data available
2023-11-03 12:59:16,025 - ERROR - Exception Occured Expecting value: line 1 column 1 (char 0)
2023-11-03 12:59:16,028 - ERROR - No data available
2023-11-03 12:59:18,081 - ERROR - Exception Occured Expecting value: line 1 column 1 (char 0)
2023-11-03 12:59:18,081 - ERROR - No data available
2023-11-03 12:59:20,164 - ERROR - Exception Occured Expecting value: line 1 column 1 (char 0)
2023-11-03 12:59:20,164 - ERROR - No data available
2023-11-03 12:59:22,225 - ERROR - Exception Occured Expecting value: line 1 column 1 (char 0)
2023-11-03 12:59:22,228 - ERROR - No data available
2023-11-03 12:59:24,304 - ERROR - Exception Occured Expecting value: line 1 column 1 (char 0)
2023-11-03 12:59:24,304 - ERROR - No data available
2023-11-03 12:59:26,371 - ERROR - Exception Occured Expecting value: line 1 column 1 (char 0)
2023-11-03 12:59:26,383 - ERROR - No data available
2023-11-03 12:59:28,455 - ERROR - Exception Occured Expecting value: line 1 column 1 (char 0)
2023-11-03 12:59:28,461 - ERROR - No data available
2023-11-03 12:59:30,561 - ERROR - Exception Occured Expecting value: line 1 column 1 (char 0)
2023-11-03 12:59:30,569 - ERROR - No data available
2023-11-03 12:59:32,641 - ERROR - Exception Occured Expecting value: line 1 column 1 (char 0)
2023-11-03 12:59:32,644 - ERROR - No data available
2023-11-03 12:59:34,687 - ERROR - Exception Occured Expecting value: line 1 column 1 (char 0)
2023-11-03 12:59:34,700 - ERROR - No data available
2023-11-03 12:59:36,750 - ERROR - Exception Occured Expecting value: line 1 column 1 (char 0)
2023-11-03 12:59:36,750 - ERROR - No data available
2023-11-03 12:59:38,795 - ERROR - Exception Occured Expecting value: line 1 column 1 (char 0)
2023-11-03 12:59:38,808 - ERROR - No data available
2023-11-03 12:59:40,882 - ERROR - Exception Occured Expecting value: line 1 column 1 (char 0)
2023-11-03 12:59:40,882 - ERROR - No data available
2023-11-03 12:59:42,965 - ERROR - Exception Occured Expecting value: line 1 column 1 (char 0)
2023-11-03 12:59:42,965 - ERROR - No data available
2023-11-03 12:59:45,022 - ERROR - Exception Occured Expecting value: line 1 column 1 (char 0)
2023-11-03 12:59:45,038 - ERROR - No data available
2023-11-03 12:59:47,104 - ERROR - Exception Occured Expecting value: line 1 column 1 (char 0)
2023-11-03 12:59:47,104 - ERROR - No data available
2023-11-03 12:59:49,256 - ERROR - Exception Occured Expecting value: line 1 column 1 (char 0)
2023-11-03 12:59:49,256 - ERROR - No data available
2023-11-03 12:59:51,313 - ERROR - Exception Occured Expecting value: line 1 column 1 (char 0)
2023-11-03 12:59:51,313 - ERROR - No data available
2023-11-03 14:42:56,263 - ERROR - Exception Occured Expecting value: line 1 column 1 (char 0)
2023-11-03 14:42:56,267 - ERROR - No data available
2023-11-03 14:42:58,291 - ERROR - Exception Occured Expecting value: line 1 column 1 (char 0)
2023-11-03 14:42:58,296 - ERROR - No data available
2023-11-03 14:43:00,324 - ERROR - Exception Occured Expecting value: line 1 column 1 (char 0)
2023-11-03 14:43:00,324 - ERROR - No data available
2023-11-03 14:43:02,343 - ERROR - Exception Occured Expecting value: line 1 column 1 (char 0)
2023-11-03 14:43:02,343 - ERROR - No data available
2023-11-03 14:43:04,371 - ERROR - Exception Occured Expecting value: line 1 column 1 (char 0)
2023-11-03 14:43:04,371 - ERROR - No data available
2023-11-03 14:43:06,411 - ERROR - Exception Occured Expecting value: line 1 column 1 (char 0)
2023-11-03 14:43:06,411 - ERROR - No data available
2023-11-03 14:43:08,447 - ERROR - Exception Occured Expecting value: line 1 column 1 (char 0)
2023-11-03 14:43:08,447 - ERROR - No data available
2023-11-03 14:43:10,472 - ERROR - Exception Occured Expecting value: line 1 column 1 (char 0)
2023-11-03 14:43:10,472 - ERROR - No data available
2023-11-03 14:43:12,502 - ERROR - Exception Occured Expecting value: line 1 column 1 (char 0)
2023-11-03 14:43:12,502 - ERROR - No data available
2023-11-03 14:43:14,522 - ERROR - Exception Occured Expecting value: line 1 column 1 (char 0)
2023-11-03 14:43:14,528 - ERROR - No data available
2023-11-03 14:43:16,570 - ERROR - Exception Occured Expecting value: line 1 column 1 (char 0)
2023-11-03 14:43:16,570 - ERROR - No data available
