2023-10-12 10:35:25,345 - 345 - DEBUG - this is the stream arriving into the log
2023-10-12 10:35:25,676 - 676 - INFO - program is working as expected.
2023-10-12 10:35:25,692 - 692 - INFO - 2023-10-12_10-35-25 - {"result":null,"id":1}
2023-10-12 10:35:25,799 - 799 - INFO - program is working as expected.
2023-10-12 10:35:25,799 - 799 - INFO - 2023-10-12_10-35-25 - {"e":"aggTrade","E":1697087125513,"s":"BTCUSDT","a":2722586202,"p":"26815.83000000","q":"0.00400000","f":3236767178,"l":3236767178,"T":1697087125512,"m":true,"M":true}
2023-10-12 10:35:26,070 - 70 - INFO - program is working as expected.
2023-10-12 10:35:26,070 - 70 - INFO - 2023-10-12_10-35-26 - {"e":"aggTrade","E":1697087125783,"s":"BTCUSDT","a":2722586203,"p":"26815.83000000","q":"0.00100000","f":3236767179,"l":3236767179,"T":1697087125783,"m":true,"M":true}
2023-10-12 10:35:26,153 - 153 - INFO - program is working as expected.
2023-10-12 10:35:26,154 - 154 - INFO - 2023-10-12_10-35-26 - {"e":"aggTrade","E":1697087125868,"s":"BTCUSDT","a":2722586204,"p":"26815.84000000","q":"0.00613000","f":3236767180,"l":3236767180,"T":1697087125867,"m":false,"M":true}
2023-10-12 10:35:26,199 - 199 - INFO - program is working as expected.
2023-10-12 10:35:26,199 - 199 - INFO - 2023-10-12_10-35-26 - {"e":"aggTrade","E":1697087125915,"s":"BTCUSDT","a":2722586205,"p":"26815.83000000","q":"0.00100000","f":3236767181,"l":3236767181,"T":1697087125915,"m":true,"M":true}
2023-10-12 10:35:26,505 - 505 - INFO - program is working as expected.
2023-10-12 10:35:26,505 - 505 - INFO - 2023-10-12_10-35-26 - {"e":"aggTrade","E":1697087126162,"s":"BTCUSDT","a":2722586206,"p":"26815.84000000","q":"0.00069000","f":3236767182,"l":3236767182,"T":1697087126161,"m":false,"M":true}
2023-10-12 10:35:26,505 - 505 - INFO - program is working as expected.
2023-10-12 10:35:26,505 - 505 - INFO - 2023-10-12_10-35-26 - {"e":"aggTrade","E":1697087126162,"s":"BTCUSDT","a":2722586207,"p":"26815.83000000","q":"0.00037000","f":3236767183,"l":3236767183,"T":1697087126162,"m":true,"M":true}
2023-10-12 10:35:26,703 - 703 - INFO - program is working as expected.
2023-10-12 10:35:26,703 - 703 - INFO - 2023-10-12_10-35-26 - {"e":"aggTrade","E":1697087126424,"s":"BTCUSDT","a":2722586208,"p":"26815.84000000","q":"0.01454000","f":3236767184,"l":3236767184,"T":1697087126424,"m":false,"M":true}
2023-10-12 10:35:27,166 - 166 - INFO - program is working as expected.
2023-10-12 10:35:27,166 - 166 - INFO - 2023-10-12_10-35-27 - {"e":"aggTrade","E":1697087126701,"s":"BTCUSDT","a":2722586209,"p":"26815.83000000","q":"0.04200000","f":3236767185,"l":3236767185,"T":1697087126701,"m":true,"M":true}
2023-10-12 10:35:27,520 - 520 - INFO - program is working as expected.
2023-10-12 10:35:27,532 - 532 - INFO - 2023-10-12_10-35-27 - {"e":"aggTrade","E":1697087127048,"s":"BTCUSDT","a":2722586210,"p":"26815.84000000","q":"0.00044000","f":3236767186,"l":3236767186,"T":1697087127047,"m":false,"M":true}
2023-10-12 10:35:28,169 - 169 - INFO - program is working as expected.
2023-10-12 10:35:28,169 - 169 - INFO - 2023-10-12_10-35-28 - {"e":"aggTrade","E":1697087127870,"s":"BTCUSDT","a":2722586211,"p":"26815.84000000","q":"0.00251000","f":3236767187,"l":3236767187,"T":1697087127869,"m":false,"M":true}
2023-10-12 10:35:28,651 - 651 - INFO - program is working as expected.
2023-10-12 10:35:28,652 - 652 - INFO - 2023-10-12_10-35-28 - {"e":"aggTrade","E":1697087128344,"s":"BTCUSDT","a":2722586212,"p":"26815.84000000","q":"0.10285000","f":3236767188,"l":3236767188,"T":1697087128344,"m":false,"M":true}
2023-10-12 10:35:28,914 - 914 - INFO - program is working as expected.
2023-10-12 10:35:28,914 - 914 - INFO - 2023-10-12_10-35-28 - {"e":"aggTrade","E":1697087128629,"s":"BTCUSDT","a":2722586213,"p":"26815.83000000","q":"0.00039000","f":3236767189,"l":3236767189,"T":1697087128628,"m":true,"M":true}
2023-10-12 10:35:29,158 - 158 - INFO - program is working as expected.
2023-10-12 10:35:29,158 - 158 - INFO - 2023-10-12_10-35-29 - {"e":"aggTrade","E":1697087128881,"s":"BTCUSDT","a":2722586214,"p":"26815.84000000","q":"0.00606000","f":3236767190,"l":3236767190,"T":1697087128880,"m":false,"M":true}
2023-10-12 10:35:30,062 - 62 - INFO - program is working as expected.
2023-10-12 10:35:30,062 - 62 - INFO - 2023-10-12_10-35-30 - {"e":"aggTrade","E":1697087129784,"s":"BTCUSDT","a":2722586215,"p":"26815.83000000","q":"0.00563000","f":3236767191,"l":3236767191,"T":1697087129783,"m":true,"M":true}
2023-10-12 10:35:30,212 - 212 - INFO - program is working as expected.
2023-10-12 10:35:30,212 - 212 - INFO - 2023-10-12_10-35-30 - {"e":"aggTrade","E":1697087129870,"s":"BTCUSDT","a":2722586216,"p":"26815.84000000","q":"0.00219000","f":3236767192,"l":3236767192,"T":1697087129869,"m":false,"M":true}
2023-10-12 10:35:30,695 - 695 - INFO - program is working as expected.
2023-10-12 10:35:30,697 - 697 - INFO - 2023-10-12_10-35-30 - {"e":"aggTrade","E":1697087130389,"s":"BTCUSDT","a":2722586217,"p":"26815.84000000","q":"0.00232000","f":3236767193,"l":3236767193,"T":1697087130388,"m":false,"M":true}
2023-10-12 10:35:32,172 - 172 - INFO - program is working as expected.
2023-10-12 10:35:32,172 - 172 - INFO - 2023-10-12_10-35-32 - {"e":"aggTrade","E":1697087131889,"s":"BTCUSDT","a":2722586218,"p":"26815.84000000","q":"0.00770000","f":3236767194,"l":3236767194,"T":1697087131888,"m":false,"M":true}
2023-10-12 10:35:33,333 - 333 - INFO - program is working as expected.
2023-10-12 10:35:33,333 - 333 - INFO - 2023-10-12_10-35-33 - {"e":"aggTrade","E":1697087133038,"s":"BTCUSDT","a":2722586219,"p":"26815.83000000","q":"0.00394000","f":3236767195,"l":3236767195,"T":1697087133038,"m":true,"M":true}
2023-10-12 10:35:34,184 - 184 - INFO - program is working as expected.
2023-10-12 10:35:34,185 - 185 - INFO - 2023-10-12_10-35-34 - {"e":"aggTrade","E":1697087133875,"s":"BTCUSDT","a":2722586220,"p":"26815.84000000","q":"0.00424000","f":3236767196,"l":3236767196,"T":1697087133874,"m":false,"M":true}
2023-10-12 10:35:34,329 - 329 - INFO - program is working as expected.
2023-10-12 10:35:34,329 - 329 - INFO - 2023-10-12_10-35-34 - {"e":"aggTrade","E":1697087134037,"s":"BTCUSDT","a":2722586221,"p":"26815.83000000","q":"0.00019000","f":3236767197,"l":3236767197,"T":1697087134037,"m":true,"M":true}
2023-10-12 10:35:34,808 - 808 - INFO - program is working as expected.
2023-10-12 10:35:34,808 - 808 - INFO - 2023-10-12_10-35-34 - {"e":"aggTrade","E":1697087134483,"s":"BTCUSDT","a":2722586222,"p":"26815.84000000","q":"0.00230000","f":3236767198,"l":3236767198,"T":1697087134482,"m":false,"M":true}
2023-10-12 10:35:34,961 - 961 - INFO - program is working as expected.
2023-10-12 10:35:34,961 - 961 - INFO - 2023-10-12_10-35-34 - {"e":"aggTrade","E":1697087134679,"s":"BTCUSDT","a":2722586223,"p":"26815.84000000","q":"0.00391000","f":3236767199,"l":3236767199,"T":1697087134678,"m":false,"M":true}
2023-10-12 10:35:36,170 - 170 - INFO - program is working as expected.
2023-10-12 10:35:36,170 - 170 - INFO - 2023-10-12_10-35-36 - {"e":"aggTrade","E":1697087135870,"s":"BTCUSDT","a":2722586224,"p":"26815.84000000","q":"0.00479000","f":3236767200,"l":3236767200,"T":1697087135869,"m":false,"M":true}
2023-10-12 10:35:38,166 - 166 - INFO - program is working as expected.
2023-10-12 10:35:38,166 - 166 - INFO - 2023-10-12_10-35-38 - {"e":"aggTrade","E":1697087137884,"s":"BTCUSDT","a":2722586225,"p":"26815.84000000","q":"0.00161000","f":3236767201,"l":3236767201,"T":1697087137883,"m":false,"M":true}
2023-10-12 10:35:38,713 - 713 - INFO - program is working as expected.
2023-10-12 10:35:38,713 - 713 - INFO - 2023-10-12_10-35-38 - {"e":"aggTrade","E":1697087138430,"s":"BTCUSDT","a":2722586226,"p":"26815.84000000","q":"0.10285000","f":3236767202,"l":3236767202,"T":1697087138429,"m":false,"M":true}
2023-10-12 10:35:38,737 - 737 - INFO - program is working as expected.
2023-10-12 10:35:38,746 - 746 - INFO - 2023-10-12_10-35-38 - {"e":"aggTrade","E":1697087138457,"s":"BTCUSDT","a":2722586227,"p":"26815.84000000","q":"0.00132000","f":3236767203,"l":3236767203,"T":1697087138457,"m":false,"M":true}
2023-10-12 10:35:38,862 - 862 - INFO - program is working as expected.
2023-10-12 10:35:38,862 - 862 - INFO - 2023-10-12_10-35-38 - {"e":"aggTrade","E":1697087138578,"s":"BTCUSDT","a":2722586228,"p":"26815.84000000","q":"0.00059000","f":3236767204,"l":3236767204,"T":1697087138578,"m":false,"M":true}
2023-10-12 10:35:39,572 - 572 - INFO - program is working as expected.
2023-10-12 10:35:39,572 - 572 - INFO - 2023-10-12_10-35-39 - {"e":"aggTrade","E":1697087139277,"s":"BTCUSDT","a":2722586229,"p":"26815.83000000","q":"0.22170000","f":3236767205,"l":3236767208,"T":1697087139277,"m":true,"M":true}
2023-10-12 10:35:39,572 - 572 - INFO - program is working as expected.
2023-10-12 10:35:39,572 - 572 - INFO - 2023-10-12_10-35-39 - {"e":"aggTrade","E":1697087139281,"s":"BTCUSDT","a":2722586230,"p":"26815.83000000","q":"0.10511000","f":3236767209,"l":3236767209,"T":1697087139281,"m":true,"M":true}
2023-10-12 10:35:39,823 - 823 - INFO - program is working as expected.
2023-10-12 10:35:39,823 - 823 - INFO - 2023-10-12_10-35-39 - {"e":"aggTrade","E":1697087139541,"s":"BTCUSDT","a":2722586231,"p":"26815.84000000","q":"0.00180000","f":3236767210,"l":3236767210,"T":1697087139540,"m":false,"M":true}
2023-10-12 10:35:39,993 - 993 - INFO - program is working as expected.
2023-10-12 10:35:39,993 - 993 - INFO - 2023-10-12_10-35-39 - {"e":"aggTrade","E":1697087139706,"s":"BTCUSDT","a":2722586232,"p":"26815.83000000","q":"0.00529000","f":3236767211,"l":3236767211,"T":1697087139705,"m":true,"M":true}
2023-10-12 10:35:40,181 - 181 - INFO - program is working as expected.
2023-10-12 10:35:40,183 - 183 - INFO - 2023-10-12_10-35-40 - {"e":"aggTrade","E":1697087139873,"s":"BTCUSDT","a":2722586233,"p":"26815.84000000","q":"0.00283000","f":3236767212,"l":3236767212,"T":1697087139872,"m":false,"M":true}
2023-10-12 10:35:41,057 - 57 - INFO - program is working as expected.
2023-10-12 10:35:41,057 - 57 - INFO - 2023-10-12_10-35-41 - {"e":"aggTrade","E":1697087140775,"s":"BTCUSDT","a":2722586234,"p":"26815.84000000","q":"0.00068000","f":3236767213,"l":3236767213,"T":1697087140775,"m":false,"M":true}
2023-10-12 10:35:41,404 - 404 - INFO - program is working as expected.
2023-10-12 10:35:41,404 - 404 - INFO - 2023-10-12_10-35-41 - {"e":"aggTrade","E":1697087141125,"s":"BTCUSDT","a":2722586235,"p":"26815.83000000","q":"0.02296000","f":3236767214,"l":3236767214,"T":1697087141124,"m":true,"M":true}
2023-10-12 10:35:41,528 - 528 - INFO - program is working as expected.
2023-10-12 10:35:41,528 - 528 - INFO - 2023-10-12_10-35-41 - {"e":"aggTrade","E":1697087141248,"s":"BTCUSDT","a":2722586236,"p":"26815.83000000","q":"0.05285000","f":3236767215,"l":3236767218,"T":1697087141248,"m":true,"M":true}
2023-10-12 10:35:41,951 - 951 - INFO - program is working as expected.
2023-10-12 10:35:41,951 - 951 - INFO - 2023-10-12_10-35-41 - {"e":"aggTrade","E":1697087141670,"s":"BTCUSDT","a":2722586237,"p":"26815.84000000","q":"0.02237000","f":3236767219,"l":3236767219,"T":1697087141669,"m":false,"M":true}
2023-10-12 10:35:41,969 - 969 - INFO - program is working as expected.
2023-10-12 10:35:41,969 - 969 - INFO - 2023-10-12_10-35-41 - {"e":"aggTrade","E":1697087141681,"s":"BTCUSDT","a":2722586238,"p":"26815.84000000","q":"0.00130000","f":3236767220,"l":3236767220,"T":1697087141681,"m":false,"M":true}
2023-10-12 10:35:42,029 - 29 - INFO - program is working as expected.
2023-10-12 10:35:42,029 - 29 - INFO - 2023-10-12_10-35-42 - {"e":"aggTrade","E":1697087141748,"s":"BTCUSDT","a":2722586239,"p":"26815.83000000","q":"0.00167000","f":3236767221,"l":3236767221,"T":1697087141747,"m":true,"M":true}
2023-10-12 10:35:42,183 - 183 - INFO - program is working as expected.
2023-10-12 10:35:42,183 - 183 - INFO - 2023-10-12_10-35-42 - {"e":"aggTrade","E":1697087141880,"s":"BTCUSDT","a":2722586240,"p":"26815.84000000","q":"0.00302000","f":3236767222,"l":3236767222,"T":1697087141879,"m":false,"M":true}
2023-10-12 10:35:43,701 - 701 - INFO - program is working as expected.
2023-10-12 10:35:43,703 - 703 - INFO - 2023-10-12_10-35-43 - {"e":"aggTrade","E":1697087143411,"s":"BTCUSDT","a":2722586241,"p":"26815.84000000","q":"0.01513000","f":3236767223,"l":3236767223,"T":1697087143411,"m":false,"M":true}
2023-10-12 10:35:44,016 - 16 - INFO - program is working as expected.
2023-10-12 10:35:44,016 - 16 - INFO - 2023-10-12_10-35-44 - {"e":"aggTrade","E":1697087143739,"s":"BTCUSDT","a":2722586242,"p":"26815.84000000","q":"0.00849000","f":3236767224,"l":3236767224,"T":1697087143739,"m":false,"M":true}
2023-10-12 10:35:44,051 - 51 - INFO - program is working as expected.
2023-10-12 10:35:44,051 - 51 - INFO - 2023-10-12_10-35-44 - {"e":"aggTrade","E":1697087143759,"s":"BTCUSDT","a":2722586243,"p":"26815.83000000","q":"0.01212000","f":3236767225,"l":3236767225,"T":1697087143758,"m":true,"M":true}
2023-10-12 10:35:44,168 - 168 - INFO - program is working as expected.
2023-10-12 10:35:44,168 - 168 - INFO - 2023-10-12_10-35-44 - {"e":"aggTrade","E":1697087143872,"s":"BTCUSDT","a":2722586244,"p":"26815.84000000","q":"0.00467000","f":3236767226,"l":3236767226,"T":1697087143872,"m":false,"M":true}
2023-10-12 10:35:44,797 - 797 - INFO - program is working as expected.
2023-10-12 10:35:44,797 - 797 - INFO - 2023-10-12_10-35-44 - {"e":"aggTrade","E":1697087144502,"s":"BTCUSDT","a":2722586245,"p":"26815.83000000","q":"0.00215000","f":3236767227,"l":3236767227,"T":1697087144501,"m":true,"M":true}
2023-10-12 10:35:45,290 - 290 - INFO - program is working as expected.
2023-10-12 10:35:45,290 - 290 - INFO - 2023-10-12_10-35-45 - {"e":"aggTrade","E":1697087145012,"s":"BTCUSDT","a":2722586246,"p":"26815.83000000","q":"0.00190000","f":3236767228,"l":3236767228,"T":1697087145011,"m":true,"M":true}
2023-10-12 10:35:46,134 - 134 - INFO - program is working as expected.
2023-10-12 10:35:46,135 - 135 - INFO - 2023-10-12_10-35-46 - {"e":"aggTrade","E":1697087145839,"s":"BTCUSDT","a":2722586247,"p":"26815.83000000","q":"0.00158000","f":3236767229,"l":3236767230,"T":1697087145838,"m":true,"M":true}
2023-10-12 10:35:46,165 - 165 - INFO - program is working as expected.
2023-10-12 10:35:46,165 - 165 - INFO - 2023-10-12_10-35-46 - {"e":"aggTrade","E":1697087145879,"s":"BTCUSDT","a":2722586248,"p":"26815.84000000","q":"0.00492000","f":3236767231,"l":3236767231,"T":1697087145878,"m":false,"M":true}
2023-10-12 10:35:46,528 - 528 - INFO - program is working as expected.
2023-10-12 10:35:46,528 - 528 - INFO - 2023-10-12_10-35-46 - {"e":"aggTrade","E":1697087146250,"s":"BTCUSDT","a":2722586249,"p":"26815.83000000","q":"0.00330000","f":3236767232,"l":3236767232,"T":1697087146250,"m":true,"M":true}
2023-10-12 10:35:46,795 - 795 - INFO - program is working as expected.
2023-10-12 10:35:46,795 - 795 - INFO - 2023-10-12_10-35-46 - {"e":"aggTrade","E":1697087146510,"s":"BTCUSDT","a":2722586250,"p":"26815.84000000","q":"0.01638000","f":3236767233,"l":3236767233,"T":1697087146509,"m":false,"M":true}
2023-10-12 10:35:46,978 - 978 - INFO - program is working as expected.
2023-10-12 10:35:46,980 - 980 - INFO - 2023-10-12_10-35-46 - {"e":"aggTrade","E":1697087146678,"s":"BTCUSDT","a":2722586251,"p":"26815.84000000","q":"0.00424000","f":3236767234,"l":3236767234,"T":1697087146677,"m":false,"M":true}
2023-10-12 10:35:47,046 - 46 - INFO - program is working as expected.
2023-10-12 10:35:47,046 - 46 - INFO - 2023-10-12_10-35-47 - {"e":"aggTrade","E":1697087146768,"s":"BTCUSDT","a":2722586252,"p":"26815.83000000","q":"0.00793000","f":3236767235,"l":3236767235,"T":1697087146767,"m":true,"M":true}
2023-10-12 10:35:47,806 - 806 - INFO - program is working as expected.
2023-10-12 10:35:47,806 - 806 - INFO - 2023-10-12_10-35-47 - {"e":"aggTrade","E":1697087147510,"s":"BTCUSDT","a":2722586253,"p":"26815.84000000","q":"0.00035000","f":3236767236,"l":3236767236,"T":1697087147509,"m":false,"M":true}
2023-10-12 10:35:47,974 - 974 - INFO - program is working as expected.
2023-10-12 10:35:47,974 - 974 - INFO - 2023-10-12_10-35-47 - {"e":"aggTrade","E":1697087147692,"s":"BTCUSDT","a":2722586254,"p":"26815.84000000","q":"0.00373000","f":3236767237,"l":3236767237,"T":1697087147692,"m":false,"M":true}
2023-10-12 10:35:48,076 - 76 - INFO - program is working as expected.
2023-10-12 10:35:48,076 - 76 - INFO - 2023-10-12_10-35-48 - {"e":"aggTrade","E":1697087147799,"s":"BTCUSDT","a":2722586255,"p":"26815.83000000","q":"1.24590000","f":3236767238,"l":3236767244,"T":1697087147799,"m":true,"M":true}
2023-10-12 10:35:48,144 - 144 - INFO - program is working as expected.
2023-10-12 10:35:48,159 - 159 - INFO - 2023-10-12_10-35-48 - {"e":"aggTrade","E":1697087147872,"s":"BTCUSDT","a":2722586256,"p":"26815.84000000","q":"0.00362000","f":3236767245,"l":3236767245,"T":1697087147871,"m":false,"M":true}
2023-10-12 10:35:48,324 - 324 - INFO - program is working as expected.
2023-10-12 10:35:48,324 - 324 - INFO - 2023-10-12_10-35-48 - {"e":"aggTrade","E":1697087148051,"s":"BTCUSDT","a":2722586257,"p":"26815.83000000","q":"0.01967000","f":3236767246,"l":3236767246,"T":1697087148050,"m":true,"M":true}
2023-10-12 10:35:48,378 - 378 - INFO - program is working as expected.
2023-10-12 10:35:48,378 - 378 - INFO - 2023-10-12_10-35-48 - {"e":"aggTrade","E":1697087148091,"s":"BTCUSDT","a":2722586258,"p":"26815.83000000","q":"0.00106000","f":3236767247,"l":3236767247,"T":1697087148090,"m":true,"M":true}
2023-10-12 10:35:48,410 - 410 - INFO - program is working as expected.
2023-10-12 10:35:48,411 - 411 - INFO - 2023-10-12_10-35-48 - {"e":"aggTrade","E":1697087148123,"s":"BTCUSDT","a":2722586259,"p":"26815.83000000","q":"0.35794000","f":3236767248,"l":3236767253,"T":1697087148121,"m":true,"M":true}
2023-10-12 10:35:48,413 - 413 - INFO - program is working as expected.
2023-10-12 10:35:48,413 - 413 - INFO - 2023-10-12_10-35-48 - {"e":"aggTrade","E":1697087148123,"s":"BTCUSDT","a":2722586260,"p":"26815.64000000","q":"0.00033000","f":3236767254,"l":3236767254,"T":1697087148121,"m":true,"M":true}
2023-10-12 10:35:48,413 - 413 - INFO - program is working as expected.
2023-10-12 10:35:48,413 - 413 - INFO - 2023-10-12_10-35-48 - {"e":"aggTrade","E":1697087148123,"s":"BTCUSDT","a":2722586261,"p":"26815.52000000","q":"0.00033000","f":3236767255,"l":3236767255,"T":1697087148121,"m":true,"M":true}
2023-10-12 10:35:48,413 - 413 - INFO - program is working as expected.
2023-10-12 10:35:48,413 - 413 - INFO - 2023-10-12_10-35-48 - {"e":"aggTrade","E":1697087148123,"s":"BTCUSDT","a":2722586262,"p":"26815.40000000","q":"0.00033000","f":3236767256,"l":3236767256,"T":1697087148121,"m":true,"M":true}
2023-10-12 10:35:48,413 - 413 - INFO - program is working as expected.
2023-10-12 10:35:48,413 - 413 - INFO - 2023-10-12_10-35-48 - {"e":"aggTrade","E":1697087148123,"s":"BTCUSDT","a":2722586263,"p":"26815.30000000","q":"0.00022000","f":3236767257,"l":3236767257,"T":1697087148121,"m":true,"M":true}
2023-10-12 10:35:48,413 - 413 - INFO - program is working as expected.
2023-10-12 10:35:48,413 - 413 - INFO - 2023-10-12_10-35-48 - {"e":"aggTrade","E":1697087148123,"s":"BTCUSDT","a":2722586264,"p":"26815.28000000","q":"0.00033000","f":3236767258,"l":3236767258,"T":1697087148121,"m":true,"M":true}
2023-10-12 10:35:48,413 - 413 - INFO - program is working as expected.
2023-10-12 10:35:48,413 - 413 - INFO - 2023-10-12_10-35-48 - {"e":"aggTrade","E":1697087148123,"s":"BTCUSDT","a":2722586265,"p":"26815.17000000","q":"0.43291000","f":3236767259,"l":3236767260,"T":1697087148122,"m":true,"M":true}
2023-10-12 10:35:48,413 - 413 - INFO - program is working as expected.
2023-10-12 10:35:48,413 - 413 - INFO - 2023-10-12_10-35-48 - {"e":"aggTrade","E":1697087148123,"s":"BTCUSDT","a":2722586266,"p":"26815.16000000","q":"0.21725000","f":3236767261,"l":3236767262,"T":1697087148122,"m":true,"M":true}
2023-10-12 10:35:48,426 - 426 - INFO - program is working as expected.
2023-10-12 10:35:48,426 - 426 - INFO - 2023-10-12_10-35-48 - {"e":"aggTrade","E":1697087148131,"s":"BTCUSDT","a":2722586267,"p":"26815.16000000","q":"0.41180000","f":3236767263,"l":3236767264,"T":1697087148130,"m":true,"M":true}
2023-10-12 10:35:48,430 - 430 - INFO - program is working as expected.
2023-10-12 10:35:48,430 - 430 - INFO - 2023-10-12_10-35-48 - {"e":"aggTrade","E":1697087148142,"s":"BTCUSDT","a":2722586268,"p":"26815.04000000","q":"0.00033000","f":3236767265,"l":3236767265,"T":1697087148138,"m":true,"M":true}
2023-10-12 10:35:48,430 - 430 - INFO - program is working as expected.
2023-10-12 10:35:48,430 - 430 - INFO - 2023-10-12_10-35-48 - {"e":"aggTrade","E":1697087148142,"s":"BTCUSDT","a":2722586269,"p":"26815.00000000","q":"0.00066000","f":3236767266,"l":3236767266,"T":1697087148138,"m":true,"M":true}
2023-10-12 10:35:48,430 - 430 - INFO - program is working as expected.
2023-10-12 10:35:48,430 - 430 - INFO - 2023-10-12_10-35-48 - {"e":"aggTrade","E":1697087148142,"s":"BTCUSDT","a":2722586270,"p":"26814.94000000","q":"0.00022000","f":3236767267,"l":3236767267,"T":1697087148138,"m":true,"M":true}
2023-10-12 10:35:48,430 - 430 - INFO - program is working as expected.
2023-10-12 10:35:48,430 - 430 - INFO - 2023-10-12_10-35-48 - {"e":"aggTrade","E":1697087148142,"s":"BTCUSDT","a":2722586271,"p":"26814.92000000","q":"0.00033000","f":3236767268,"l":3236767268,"T":1697087148138,"m":true,"M":true}
2023-10-12 10:35:48,446 - 446 - INFO - program is working as expected.
2023-10-12 10:35:48,459 - 459 - INFO - 2023-10-12_10-35-48 - {"e":"aggTrade","E":1697087148172,"s":"BTCUSDT","a":2722586272,"p":"26814.80000000","q":"0.00033000","f":3236767269,"l":3236767269,"T":1697087148169,"m":true,"M":true}
2023-10-12 10:35:48,462 - 462 - INFO - program is working as expected.
2023-10-12 10:35:48,462 - 462 - INFO - 2023-10-12_10-35-48 - {"e":"aggTrade","E":1697087148172,"s":"BTCUSDT","a":2722586273,"p":"26814.76000000","q":"0.00014000","f":3236767270,"l":3236767270,"T":1697087148169,"m":true,"M":true}
2023-10-12 10:35:48,544 - 544 - INFO - program is working as expected.
2023-10-12 10:35:48,545 - 545 - INFO - 2023-10-12_10-35-48 - {"e":"aggTrade","E":1697087148188,"s":"BTCUSDT","a":2722586274,"p":"26814.68000000","q":"0.00033000","f":3236767271,"l":3236767271,"T":1697087148187,"m":true,"M":true}
2023-10-12 10:35:48,546 - 546 - INFO - program is working as expected.
2023-10-12 10:35:48,546 - 546 - INFO - 2023-10-12_10-35-48 - {"e":"aggTrade","E":1697087148188,"s":"BTCUSDT","a":2722586275,"p":"26814.58000000","q":"0.00022000","f":3236767272,"l":3236767272,"T":1697087148187,"m":true,"M":true}
2023-10-12 10:35:48,547 - 547 - INFO - program is working as expected.
2023-10-12 10:35:48,548 - 548 - INFO - 2023-10-12_10-35-48 - {"e":"aggTrade","E":1697087148188,"s":"BTCUSDT","a":2722586276,"p":"26814.56000000","q":"0.00033000","f":3236767273,"l":3236767273,"T":1697087148187,"m":true,"M":true}
2023-10-12 10:35:48,549 - 549 - INFO - program is working as expected.
2023-10-12 10:35:48,549 - 549 - INFO - 2023-10-12_10-35-48 - {"e":"aggTrade","E":1697087148188,"s":"BTCUSDT","a":2722586277,"p":"26814.44000000","q":"0.00033000","f":3236767274,"l":3236767274,"T":1697087148187,"m":true,"M":true}
2023-10-12 10:35:48,550 - 550 - INFO - program is working as expected.
2023-10-12 10:35:48,551 - 551 - INFO - 2023-10-12_10-35-48 - {"e":"aggTrade","E":1697087148188,"s":"BTCUSDT","a":2722586278,"p":"26814.41000000","q":"0.00039000","f":3236767275,"l":3236767275,"T":1697087148187,"m":true,"M":true}
2023-10-12 10:35:48,552 - 552 - INFO - program is working as expected.
2023-10-12 10:35:48,552 - 552 - INFO - 2023-10-12_10-35-48 - {"e":"aggTrade","E":1697087148188,"s":"BTCUSDT","a":2722586279,"p":"26814.34000000","q":"0.00039000","f":3236767276,"l":3236767276,"T":1697087148187,"m":true,"M":true}
2023-10-12 10:35:48,553 - 553 - INFO - program is working as expected.
2023-10-12 10:35:48,554 - 554 - INFO - 2023-10-12_10-35-48 - {"e":"aggTrade","E":1697087148188,"s":"BTCUSDT","a":2722586280,"p":"26814.32000000","q":"0.00033000","f":3236767277,"l":3236767277,"T":1697087148187,"m":true,"M":true}
2023-10-12 10:35:48,555 - 555 - INFO - program is working as expected.
2023-10-12 10:35:48,555 - 555 - INFO - 2023-10-12_10-35-48 - {"e":"aggTrade","E":1697087148188,"s":"BTCUSDT","a":2722586281,"p":"26814.27000000","q":"0.00039000","f":3236767278,"l":3236767278,"T":1697087148187,"m":true,"M":true}
2023-10-12 10:35:48,556 - 556 - INFO - program is working as expected.
2023-10-12 10:35:48,556 - 556 - INFO - 2023-10-12_10-35-48 - {"e":"aggTrade","E":1697087148188,"s":"BTCUSDT","a":2722586282,"p":"26814.22000000","q":"0.00022000","f":3236767279,"l":3236767279,"T":1697087148187,"m":true,"M":true}
2023-10-12 10:35:48,557 - 557 - INFO - program is working as expected.
2023-10-12 10:35:48,558 - 558 - INFO - 2023-10-12_10-35-48 - {"e":"aggTrade","E":1697087148188,"s":"BTCUSDT","a":2722586283,"p":"26814.20000000","q":"0.00072000","f":3236767280,"l":3236767281,"T":1697087148187,"m":true,"M":true}
2023-10-12 10:35:48,558 - 558 - INFO - program is working as expected.
2023-10-12 10:35:48,559 - 559 - INFO - 2023-10-12_10-35-48 - {"e":"aggTrade","E":1697087148188,"s":"BTCUSDT","a":2722586284,"p":"26814.13000000","q":"0.00039000","f":3236767282,"l":3236767282,"T":1697087148187,"m":true,"M":true}
2023-10-12 10:35:48,560 - 560 - INFO - program is working as expected.
2023-10-12 10:35:48,561 - 561 - INFO - 2023-10-12_10-35-48 - {"e":"aggTrade","E":1697087148188,"s":"BTCUSDT","a":2722586285,"p":"26814.08000000","q":"0.00033000","f":3236767283,"l":3236767283,"T":1697087148187,"m":true,"M":true}
2023-10-12 10:35:48,561 - 561 - INFO - program is working as expected.
2023-10-12 10:35:48,561 - 561 - INFO - 2023-10-12_10-35-48 - {"e":"aggTrade","E":1697087148188,"s":"BTCUSDT","a":2722586286,"p":"26814.06000000","q":"0.00039000","f":3236767284,"l":3236767284,"T":1697087148187,"m":true,"M":true}
2023-10-12 10:35:48,561 - 561 - INFO - program is working as expected.
2023-10-12 10:35:48,561 - 561 - INFO - 2023-10-12_10-35-48 - {"e":"aggTrade","E":1697087148188,"s":"BTCUSDT","a":2722586287,"p":"26813.99000000","q":"0.00039000","f":3236767285,"l":3236767285,"T":1697087148187,"m":true,"M":true}
2023-10-12 10:35:48,561 - 561 - INFO - program is working as expected.
2023-10-12 10:35:48,561 - 561 - INFO - 2023-10-12_10-35-48 - {"e":"aggTrade","E":1697087148232,"s":"BTCUSDT","a":2722586288,"p":"26813.96000000","q":"0.00033000","f":3236767286,"l":3236767286,"T":1697087148231,"m":true,"M":true}
2023-10-12 10:35:48,561 - 561 - INFO - program is working as expected.
2023-10-12 10:35:48,561 - 561 - INFO - 2023-10-12_10-35-48 - {"e":"aggTrade","E":1697087148232,"s":"BTCUSDT","a":2722586289,"p":"26813.92000000","q":"0.00039000","f":3236767287,"l":3236767287,"T":1697087148231,"m":true,"M":true}
2023-10-12 10:35:48,561 - 561 - INFO - program is working as expected.
2023-10-12 10:35:48,561 - 561 - INFO - 2023-10-12_10-35-48 - {"e":"aggTrade","E":1697087148232,"s":"BTCUSDT","a":2722586290,"p":"26813.86000000","q":"0.00022000","f":3236767288,"l":3236767288,"T":1697087148231,"m":true,"M":true}
2023-10-12 10:35:48,561 - 561 - INFO - program is working as expected.
2023-10-12 10:35:48,561 - 561 - INFO - 2023-10-12_10-35-48 - {"e":"aggTrade","E":1697087148232,"s":"BTCUSDT","a":2722586291,"p":"26813.85000000","q":"0.00039000","f":3236767289,"l":3236767289,"T":1697087148231,"m":true,"M":true}
2023-10-12 10:35:48,561 - 561 - INFO - program is working as expected.
2023-10-12 10:35:48,561 - 561 - INFO - 2023-10-12_10-35-48 - {"e":"aggTrade","E":1697087148232,"s":"BTCUSDT","a":2722586292,"p":"26813.84000000","q":"0.00033000","f":3236767290,"l":3236767290,"T":1697087148231,"m":true,"M":true}
2023-10-12 10:35:48,577 - 577 - INFO - program is working as expected.
2023-10-12 10:35:48,578 - 578 - INFO - 2023-10-12_10-35-48 - {"e":"aggTrade","E":1697087148232,"s":"BTCUSDT","a":2722586293,"p":"26813.78000000","q":"0.00039000","f":3236767291,"l":3236767291,"T":1697087148231,"m":true,"M":true}
2023-10-12 10:35:48,579 - 579 - INFO - program is working as expected.
2023-10-12 10:35:48,579 - 579 - INFO - 2023-10-12_10-35-48 - {"e":"aggTrade","E":1697087148244,"s":"BTCUSDT","a":2722586294,"p":"26813.72000000","q":"0.00033000","f":3236767292,"l":3236767292,"T":1697087148239,"m":true,"M":true}
2023-10-12 10:35:48,611 - 611 - INFO - program is working as expected.
2023-10-12 10:35:48,611 - 611 - INFO - 2023-10-12_10-35-48 - {"e":"aggTrade","E":1697087148330,"s":"BTCUSDT","a":2722586295,"p":"26813.71000000","q":"0.00075000","f":3236767293,"l":3236767294,"T":1697087148329,"m":true,"M":true}
2023-10-12 10:35:48,660 - 660 - INFO - program is working as expected.
2023-10-12 10:35:48,661 - 661 - INFO - 2023-10-12_10-35-48 - {"e":"aggTrade","E":1697087148338,"s":"BTCUSDT","a":2722586296,"p":"26813.71000000","q":"0.01914000","f":3236767295,"l":3236767295,"T":1697087148337,"m":true,"M":true}
2023-10-12 10:35:48,661 - 661 - INFO - program is working as expected.
2023-10-12 10:35:48,661 - 661 - INFO - 2023-10-12_10-35-48 - {"e":"aggTrade","E":1697087148379,"s":"BTCUSDT","a":2722586297,"p":"26813.67000000","q":"0.00698000","f":3236767296,"l":3236767296,"T":1697087148378,"m":true,"M":true}
2023-10-12 10:35:48,661 - 661 - INFO - program is working as expected.
2023-10-12 10:35:48,661 - 661 - INFO - 2023-10-12_10-35-48 - {"e":"aggTrade","E":1697087148379,"s":"BTCUSDT","a":2722586298,"p":"26813.65000000","q":"0.00636000","f":3236767297,"l":3236767297,"T":1697087148378,"m":true,"M":true}
2023-10-12 10:35:48,661 - 661 - INFO - program is working as expected.
2023-10-12 10:35:48,661 - 661 - INFO - 2023-10-12_10-35-48 - {"e":"aggTrade","E":1697087148379,"s":"BTCUSDT","a":2722586299,"p":"26813.64000000","q":"0.00039000","f":3236767298,"l":3236767298,"T":1697087148378,"m":true,"M":true}
2023-10-12 10:35:48,661 - 661 - INFO - program is working as expected.
2023-10-12 10:35:48,661 - 661 - INFO - 2023-10-12_10-35-48 - {"e":"aggTrade","E":1697087148379,"s":"BTCUSDT","a":2722586300,"p":"26813.60000000","q":"0.00033000","f":3236767299,"l":3236767299,"T":1697087148378,"m":true,"M":true}
2023-10-12 10:35:48,661 - 661 - INFO - program is working as expected.
2023-10-12 10:35:48,661 - 661 - INFO - 2023-10-12_10-35-48 - {"e":"aggTrade","E":1697087148379,"s":"BTCUSDT","a":2722586301,"p":"26813.57000000","q":"0.00039000","f":3236767300,"l":3236767300,"T":1697087148378,"m":true,"M":true}
2023-10-12 10:35:48,661 - 661 - INFO - program is working as expected.
2023-10-12 10:35:48,661 - 661 - INFO - 2023-10-12_10-35-48 - {"e":"aggTrade","E":1697087148379,"s":"BTCUSDT","a":2722586302,"p":"26813.51000000","q":"0.00038000","f":3236767301,"l":3236767301,"T":1697087148378,"m":true,"M":true}
2023-10-12 10:35:48,661 - 661 - INFO - program is working as expected.
2023-10-12 10:35:48,661 - 661 - INFO - 2023-10-12_10-35-48 - {"e":"aggTrade","E":1697087148379,"s":"BTCUSDT","a":2722586303,"p":"26813.50000000","q":"0.00061000","f":3236767302,"l":3236767303,"T":1697087148378,"m":true,"M":true}
2023-10-12 10:35:48,676 - 676 - INFO - program is working as expected.
2023-10-12 10:35:48,677 - 677 - INFO - 2023-10-12_10-35-48 - {"e":"aggTrade","E":1697087148379,"s":"BTCUSDT","a":2722586304,"p":"26813.49000000","q":"0.00019000","f":3236767304,"l":3236767304,"T":1697087148378,"m":true,"M":true}
2023-10-12 10:35:48,695 - 695 - INFO - program is working as expected.
2023-10-12 10:35:48,695 - 695 - INFO - 2023-10-12_10-35-48 - {"e":"aggTrade","E":1697087148379,"s":"BTCUSDT","a":2722586305,"p":"26813.48000000","q":"0.00373000","f":3236767305,"l":3236767307,"T":1697087148378,"m":true,"M":true}
2023-10-12 10:35:48,695 - 695 - INFO - program is working as expected.
2023-10-12 10:35:48,695 - 695 - INFO - 2023-10-12_10-35-48 - {"e":"aggTrade","E":1697087148379,"s":"BTCUSDT","a":2722586306,"p":"26813.43000000","q":"0.00039000","f":3236767308,"l":3236767308,"T":1697087148378,"m":true,"M":true}
2023-10-12 10:35:48,695 - 695 - INFO - program is working as expected.
2023-10-12 10:35:48,695 - 695 - INFO - 2023-10-12_10-35-48 - {"e":"aggTrade","E":1697087148379,"s":"BTCUSDT","a":2722586307,"p":"26813.36000000","q":"0.00072000","f":3236767309,"l":3236767310,"T":1697087148378,"m":true,"M":true}
2023-10-12 10:35:48,709 - 709 - INFO - program is working as expected.
2023-10-12 10:35:48,709 - 709 - INFO - 2023-10-12_10-35-48 - {"e":"aggTrade","E":1697087148379,"s":"BTCUSDT","a":2722586308,"p":"26813.29000000","q":"0.00039000","f":3236767311,"l":3236767311,"T":1697087148378,"m":true,"M":true}
2023-10-12 10:35:48,711 - 711 - INFO - program is working as expected.
2023-10-12 10:35:48,712 - 712 - INFO - 2023-10-12_10-35-48 - {"e":"aggTrade","E":1697087148379,"s":"BTCUSDT","a":2722586309,"p":"26813.24000000","q":"0.00033000","f":3236767312,"l":3236767312,"T":1697087148378,"m":true,"M":true}
2023-10-12 10:35:48,712 - 712 - INFO - program is working as expected.
2023-10-12 10:35:48,712 - 712 - INFO - 2023-10-12_10-35-48 - {"e":"aggTrade","E":1697087148379,"s":"BTCUSDT","a":2722586310,"p":"26813.22000000","q":"0.00039000","f":3236767313,"l":3236767313,"T":1697087148378,"m":true,"M":true}
2023-10-12 10:35:48,712 - 712 - INFO - program is working as expected.
2023-10-12 10:35:48,712 - 712 - INFO - 2023-10-12_10-35-48 - {"e":"aggTrade","E":1697087148379,"s":"BTCUSDT","a":2722586311,"p":"26813.15000000","q":"0.00039000","f":3236767314,"l":3236767314,"T":1697087148378,"m":true,"M":true}
2023-10-12 10:35:48,712 - 712 - INFO - program is working as expected.
2023-10-12 10:35:48,712 - 712 - INFO - 2023-10-12_10-35-48 - {"e":"aggTrade","E":1697087148379,"s":"BTCUSDT","a":2722586312,"p":"26813.14000000","q":"0.00022000","f":3236767315,"l":3236767315,"T":1697087148378,"m":true,"M":true}
2023-10-12 10:35:48,712 - 712 - INFO - program is working as expected.
2023-10-12 10:35:48,712 - 712 - INFO - 2023-10-12_10-35-48 - {"e":"aggTrade","E":1697087148379,"s":"BTCUSDT","a":2722586313,"p":"26813.12000000","q":"0.00033000","f":3236767316,"l":3236767316,"T":1697087148378,"m":true,"M":true}
2023-10-12 10:35:48,712 - 712 - INFO - program is working as expected.
2023-10-12 10:35:48,712 - 712 - INFO - 2023-10-12_10-35-48 - {"e":"aggTrade","E":1697087148379,"s":"BTCUSDT","a":2722586314,"p":"26813.08000000","q":"0.00039000","f":3236767317,"l":3236767317,"T":1697087148378,"m":true,"M":true}
2023-10-12 10:35:48,712 - 712 - INFO - program is working as expected.
2023-10-12 10:35:48,712 - 712 - INFO - 2023-10-12_10-35-48 - {"e":"aggTrade","E":1697087148379,"s":"BTCUSDT","a":2722586315,"p":"26813.05000000","q":"0.01019000","f":3236767318,"l":3236767318,"T":1697087148378,"m":true,"M":true}
2023-10-12 10:35:48,810 - 810 - INFO - program is working as expected.
2023-10-12 10:35:48,811 - 811 - INFO - 2023-10-12_10-35-48 - {"e":"aggTrade","E":1697087148485,"s":"BTCUSDT","a":2722586316,"p":"26813.04000000","q":"0.05000000","f":3236767319,"l":3236767319,"T":1697087148484,"m":true,"M":true}
2023-10-12 10:35:48,828 - 828 - INFO - program is working as expected.
2023-10-12 10:35:48,828 - 828 - INFO - 2023-10-12_10-35-48 - {"e":"aggTrade","E":1697087148534,"s":"BTCUSDT","a":2722586317,"p":"26813.05000000","q":"0.01028000","f":3236767320,"l":3236767320,"T":1697087148533,"m":false,"M":true}
2023-10-12 10:35:48,943 - 943 - INFO - program is working as expected.
2023-10-12 10:35:48,943 - 943 - INFO - 2023-10-12_10-35-48 - {"e":"aggTrade","E":1697087148669,"s":"BTCUSDT","a":2722586318,"p":"26813.05000000","q":"0.00022000","f":3236767321,"l":3236767321,"T":1697087148669,"m":false,"M":true}
2023-10-12 10:35:49,171 - 171 - INFO - program is working as expected.
2023-10-12 10:35:49,171 - 171 - INFO - 2023-10-12_10-35-49 - {"e":"aggTrade","E":1697087148887,"s":"BTCUSDT","a":2722586319,"p":"26813.04000000","q":"0.01460000","f":3236767322,"l":3236767322,"T":1697087148886,"m":true,"M":true}
2023-10-12 10:35:49,690 - 690 - INFO - program is working as expected.
2023-10-12 10:35:49,691 - 691 - INFO - 2023-10-12_10-35-49 - {"e":"aggTrade","E":1697087149394,"s":"BTCUSDT","a":2722586320,"p":"26813.04000000","q":"0.00164000","f":3236767323,"l":3236767323,"T":1697087149394,"m":true,"M":true}
2023-10-12 10:35:49,748 - 748 - INFO - program is working as expected.
2023-10-12 10:35:49,748 - 748 - INFO - 2023-10-12_10-35-49 - {"e":"aggTrade","E":1697087149470,"s":"BTCUSDT","a":2722586321,"p":"26813.04000000","q":"0.00037000","f":3236767324,"l":3236767324,"T":1697087149469,"m":true,"M":true}
2023-10-12 10:35:50,064 - 64 - INFO - program is working as expected.
2023-10-12 10:35:50,065 - 65 - INFO - 2023-10-12_10-35-50 - {"e":"aggTrade","E":1697087149778,"s":"BTCUSDT","a":2722586322,"p":"26813.04000000","q":"0.01412000","f":3236767325,"l":3236767327,"T":1697087149776,"m":true,"M":true}
2023-10-12 10:35:50,066 - 66 - INFO - program is working as expected.
2023-10-12 10:35:50,067 - 67 - INFO - 2023-10-12_10-35-50 - {"e":"aggTrade","E":1697087149778,"s":"BTCUSDT","a":2722586323,"p":"26813.01000000","q":"0.00039000","f":3236767328,"l":3236767328,"T":1697087149776,"m":true,"M":true}
2023-10-12 10:35:50,068 - 68 - INFO - program is working as expected.
2023-10-12 10:35:50,069 - 69 - INFO - 2023-10-12_10-35-50 - {"e":"aggTrade","E":1697087149778,"s":"BTCUSDT","a":2722586324,"p":"26813.00000000","q":"0.00033000","f":3236767329,"l":3236767329,"T":1697087149776,"m":true,"M":true}
2023-10-12 10:35:50,071 - 71 - INFO - program is working as expected.
2023-10-12 10:35:50,072 - 72 - INFO - 2023-10-12_10-35-50 - {"e":"aggTrade","E":1697087149778,"s":"BTCUSDT","a":2722586325,"p":"26812.94000000","q":"0.00039000","f":3236767330,"l":3236767330,"T":1697087149776,"m":true,"M":true}
2023-10-12 10:35:50,073 - 73 - INFO - program is working as expected.
2023-10-12 10:35:50,073 - 73 - INFO - 2023-10-12_10-35-50 - {"e":"aggTrade","E":1697087149778,"s":"BTCUSDT","a":2722586326,"p":"26812.88000000","q":"0.00033000","f":3236767331,"l":3236767331,"T":1697087149776,"m":true,"M":true}
2023-10-12 10:35:50,077 - 77 - INFO - program is working as expected.
2023-10-12 10:35:50,077 - 77 - INFO - 2023-10-12_10-35-50 - {"e":"aggTrade","E":1697087149778,"s":"BTCUSDT","a":2722586327,"p":"26812.87000000","q":"0.00039000","f":3236767332,"l":3236767332,"T":1697087149776,"m":true,"M":true}
2023-10-12 10:35:50,080 - 80 - INFO - program is working as expected.
2023-10-12 10:35:50,080 - 80 - INFO - 2023-10-12_10-35-50 - {"e":"aggTrade","E":1697087149778,"s":"BTCUSDT","a":2722586328,"p":"26812.80000000","q":"0.00039000","f":3236767333,"l":3236767333,"T":1697087149776,"m":true,"M":true}
2023-10-12 10:35:50,082 - 82 - INFO - program is working as expected.
2023-10-12 10:35:50,082 - 82 - INFO - 2023-10-12_10-35-50 - {"e":"aggTrade","E":1697087149778,"s":"BTCUSDT","a":2722586329,"p":"26812.78000000","q":"0.00022000","f":3236767334,"l":3236767334,"T":1697087149776,"m":true,"M":true}
2023-10-12 10:35:50,084 - 84 - INFO - program is working as expected.
2023-10-12 10:35:50,085 - 85 - INFO - 2023-10-12_10-35-50 - {"e":"aggTrade","E":1697087149778,"s":"BTCUSDT","a":2722586330,"p":"26812.76000000","q":"0.00033000","f":3236767335,"l":3236767335,"T":1697087149776,"m":true,"M":true}
2023-10-12 10:35:50,086 - 86 - INFO - program is working as expected.
2023-10-12 10:35:50,087 - 87 - INFO - 2023-10-12_10-35-50 - {"e":"aggTrade","E":1697087149778,"s":"BTCUSDT","a":2722586331,"p":"26812.73000000","q":"0.00039000","f":3236767336,"l":3236767336,"T":1697087149776,"m":true,"M":true}
2023-10-12 10:35:50,088 - 88 - INFO - program is working as expected.
2023-10-12 10:35:50,089 - 89 - INFO - 2023-10-12_10-35-50 - {"e":"aggTrade","E":1697087149778,"s":"BTCUSDT","a":2722586332,"p":"26812.66000000","q":"0.00039000","f":3236767337,"l":3236767337,"T":1697087149776,"m":true,"M":true}
2023-10-12 10:35:50,091 - 91 - INFO - program is working as expected.
2023-10-12 10:35:50,092 - 92 - INFO - 2023-10-12_10-35-50 - {"e":"aggTrade","E":1697087149778,"s":"BTCUSDT","a":2722586333,"p":"26812.64000000","q":"0.00033000","f":3236767338,"l":3236767338,"T":1697087149776,"m":true,"M":true}
2023-10-12 10:35:50,094 - 94 - INFO - program is working as expected.
2023-10-12 10:35:50,095 - 95 - INFO - 2023-10-12_10-35-50 - {"e":"aggTrade","E":1697087149778,"s":"BTCUSDT","a":2722586334,"p":"26812.59000000","q":"0.00039000","f":3236767339,"l":3236767339,"T":1697087149776,"m":true,"M":true}
2023-10-12 10:35:50,097 - 97 - INFO - program is working as expected.
2023-10-12 10:35:50,097 - 97 - INFO - 2023-10-12_10-35-50 - {"e":"aggTrade","E":1697087149778,"s":"BTCUSDT","a":2722586335,"p":"26812.52000000","q":"0.00072000","f":3236767340,"l":3236767341,"T":1697087149776,"m":true,"M":true}
2023-10-12 10:35:50,098 - 98 - INFO - program is working as expected.
2023-10-12 10:35:50,099 - 99 - INFO - 2023-10-12_10-35-50 - {"e":"aggTrade","E":1697087149778,"s":"BTCUSDT","a":2722586336,"p":"26812.45000000","q":"0.00039000","f":3236767342,"l":3236767342,"T":1697087149776,"m":true,"M":true}
2023-10-12 10:35:50,102 - 102 - INFO - program is working as expected.
2023-10-12 10:35:50,102 - 102 - INFO - 2023-10-12_10-35-50 - {"e":"aggTrade","E":1697087149778,"s":"BTCUSDT","a":2722586337,"p":"26812.42000000","q":"0.00022000","f":3236767343,"l":3236767343,"T":1697087149776,"m":true,"M":true}
2023-10-12 10:35:50,102 - 102 - INFO - program is working as expected.
2023-10-12 10:35:50,110 - 110 - INFO - 2023-10-12_10-35-50 - {"e":"aggTrade","E":1697087149778,"s":"BTCUSDT","a":2722586338,"p":"26812.40000000","q":"0.00033000","f":3236767344,"l":3236767344,"T":1697087149776,"m":true,"M":true}
2023-10-12 10:35:50,113 - 113 - INFO - program is working as expected.
2023-10-12 10:35:50,114 - 114 - INFO - 2023-10-12_10-35-50 - {"e":"aggTrade","E":1697087149778,"s":"BTCUSDT","a":2722586339,"p":"26812.38000000","q":"0.00039000","f":3236767345,"l":3236767345,"T":1697087149776,"m":true,"M":true}
2023-10-12 10:35:50,116 - 116 - INFO - program is working as expected.
2023-10-12 10:35:50,117 - 117 - INFO - 2023-10-12_10-35-50 - {"e":"aggTrade","E":1697087149778,"s":"BTCUSDT","a":2722586340,"p":"26812.31000000","q":"0.00039000","f":3236767346,"l":3236767346,"T":1697087149776,"m":true,"M":true}
2023-10-12 10:35:50,117 - 117 - INFO - program is working as expected.
2023-10-12 10:35:50,117 - 117 - INFO - 2023-10-12_10-35-50 - {"e":"aggTrade","E":1697087149778,"s":"BTCUSDT","a":2722586341,"p":"26812.28000000","q":"0.00033000","f":3236767347,"l":3236767347,"T":1697087149776,"m":true,"M":true}
2023-10-12 10:35:50,117 - 117 - INFO - program is working as expected.
2023-10-12 10:35:50,117 - 117 - INFO - 2023-10-12_10-35-50 - {"e":"aggTrade","E":1697087149778,"s":"BTCUSDT","a":2722586342,"p":"26812.27000000","q":"0.00025000","f":3236767348,"l":3236767348,"T":1697087149776,"m":true,"M":true}
2023-10-12 10:35:50,117 - 117 - INFO - program is working as expected.
2023-10-12 10:35:50,117 - 117 - INFO - 2023-10-12_10-35-50 - {"e":"aggTrade","E":1697087149778,"s":"BTCUSDT","a":2722586343,"p":"26812.24000000","q":"0.00039000","f":3236767349,"l":3236767349,"T":1697087149776,"m":true,"M":true}
2023-10-12 10:35:50,117 - 117 - INFO - program is working as expected.
2023-10-12 10:35:50,117 - 117 - INFO - 2023-10-12_10-35-50 - {"e":"aggTrade","E":1697087149778,"s":"BTCUSDT","a":2722586344,"p":"26812.17000000","q":"0.00039000","f":3236767350,"l":3236767350,"T":1697087149776,"m":true,"M":true}
2023-10-12 10:35:50,126 - 126 - INFO - program is working as expected.
2023-10-12 10:35:50,126 - 126 - INFO - 2023-10-12_10-35-50 - {"e":"aggTrade","E":1697087149778,"s":"BTCUSDT","a":2722586345,"p":"26812.16000000","q":"0.00033000","f":3236767351,"l":3236767351,"T":1697087149776,"m":true,"M":true}
2023-10-12 10:35:50,129 - 129 - INFO - program is working as expected.
2023-10-12 10:35:50,130 - 130 - INFO - 2023-10-12_10-35-50 - {"e":"aggTrade","E":1697087149778,"s":"BTCUSDT","a":2722586346,"p":"26812.14000000","q":"0.00695000","f":3236767352,"l":3236767352,"T":1697087149776,"m":true,"M":true}
2023-10-12 10:35:50,130 - 130 - INFO - program is working as expected.
2023-10-12 10:35:50,130 - 130 - INFO - 2023-10-12_10-35-50 - {"e":"aggTrade","E":1697087149778,"s":"BTCUSDT","a":2722586347,"p":"26812.11000000","q":"0.00025000","f":3236767353,"l":3236767353,"T":1697087149776,"m":true,"M":true}
2023-10-12 10:35:50,130 - 130 - INFO - program is working as expected.
2023-10-12 10:35:50,130 - 130 - INFO - 2023-10-12_10-35-50 - {"e":"aggTrade","E":1697087149778,"s":"BTCUSDT","a":2722586348,"p":"26812.10000000","q":"0.00039000","f":3236767354,"l":3236767354,"T":1697087149776,"m":true,"M":true}
2023-10-12 10:35:50,130 - 130 - INFO - program is working as expected.
2023-10-12 10:35:50,130 - 130 - INFO - 2023-10-12_10-35-50 - {"e":"aggTrade","E":1697087149778,"s":"BTCUSDT","a":2722586349,"p":"26812.06000000","q":"0.00022000","f":3236767355,"l":3236767355,"T":1697087149776,"m":true,"M":true}
2023-10-12 10:35:50,130 - 130 - INFO - program is working as expected.
2023-10-12 10:35:50,130 - 130 - INFO - 2023-10-12_10-35-50 - {"e":"aggTrade","E":1697087149778,"s":"BTCUSDT","a":2722586350,"p":"26812.04000000","q":"0.00033000","f":3236767356,"l":3236767356,"T":1697087149776,"m":true,"M":true}
2023-10-12 10:35:50,130 - 130 - INFO - program is working as expected.
2023-10-12 10:35:50,130 - 130 - INFO - 2023-10-12_10-35-50 - {"e":"aggTrade","E":1697087149778,"s":"BTCUSDT","a":2722586351,"p":"26812.03000000","q":"0.00039000","f":3236767357,"l":3236767357,"T":1697087149776,"m":true,"M":true}
2023-10-12 10:35:50,130 - 130 - INFO - program is working as expected.
2023-10-12 10:35:50,130 - 130 - INFO - 2023-10-12_10-35-50 - {"e":"aggTrade","E":1697087149778,"s":"BTCUSDT","a":2722586352,"p":"26811.96000000","q":"0.00039000","f":3236767358,"l":3236767358,"T":1697087149776,"m":true,"M":true}
2023-10-12 10:35:50,130 - 130 - INFO - program is working as expected.
2023-10-12 10:35:50,130 - 130 - INFO - 2023-10-12_10-35-50 - {"e":"aggTrade","E":1697087149778,"s":"BTCUSDT","a":2722586353,"p":"26811.95000000","q":"0.00025000","f":3236767359,"l":3236767359,"T":1697087149776,"m":true,"M":true}
2023-10-12 10:35:50,147 - 147 - INFO - program is working as expected.
2023-10-12 10:35:50,147 - 147 - INFO - 2023-10-12_10-35-50 - {"e":"aggTrade","E":1697087149778,"s":"BTCUSDT","a":2722586354,"p":"26811.94000000","q":"0.00295000","f":3236767360,"l":3236767360,"T":1697087149776,"m":true,"M":true}
2023-10-12 10:35:50,149 - 149 - INFO - program is working as expected.
2023-10-12 10:35:50,150 - 150 - INFO - 2023-10-12_10-35-50 - {"e":"aggTrade","E":1697087149778,"s":"BTCUSDT","a":2722586355,"p":"26811.94000000","q":"0.03464000","f":3236767361,"l":3236767361,"T":1697087149776,"m":true,"M":true}
2023-10-12 10:35:50,162 - 162 - INFO - program is working as expected.
2023-10-12 10:35:50,162 - 162 - INFO - 2023-10-12_10-35-50 - {"e":"aggTrade","E":1697087149873,"s":"BTCUSDT","a":2722586356,"p":"26811.94000000","q":"0.01204000","f":3236767362,"l":3236767363,"T":1697087149872,"m":false,"M":true}
2023-10-12 10:35:50,162 - 162 - INFO - program is working as expected.
2023-10-12 10:35:50,162 - 162 - INFO - 2023-10-12_10-35-50 - {"e":"aggTrade","E":1697087149883,"s":"BTCUSDT","a":2722586357,"p":"26811.93000000","q":"0.00078000","f":3236767364,"l":3236767364,"T":1697087149882,"m":true,"M":true}
2023-10-12 10:35:50,768 - 768 - ERROR - The program encountered an error
2023-10-12 10:35:50,768 - 768 - WARNING - Warning, the program may not function properly
2023-10-12 10:35:50,768 - 768 - ERROR - 2023-10-12_10-35-50 - 
2023-10-12 10:35:51,064 - 64 - CRITICAL - the connection was lost
2023-10-12 10:35:51,079 - 79 - CRITICAL - 2023-10-12_10-35-51 - Critical error: None
2023-10-12 10:41:27,468 - 468 - DEBUG - this is the stream arriving into the log
2023-10-12 10:41:27,616 - 616 - INFO - program is working as expected.
2023-10-12 10:41:27,616 - 616 - INFO - 2023-10-12_10-41-27 - {"e":"aggTrade","E":1697087487330,"s":"BTCUSDT","a":2722589258,"p":"26792.21000000","q":"0.00189000","f":3236771200,"l":3236771200,"T":1697087487329,"m":true,"M":true}
2023-10-12 10:41:27,662 - 662 - INFO - program is working as expected.
2023-10-12 10:41:27,664 - 664 - INFO - 2023-10-12_10-41-27 - {"result":null,"id":1}
2023-10-12 10:41:27,815 - 815 - INFO - program is working as expected.
2023-10-12 10:41:27,816 - 816 - INFO - 2023-10-12_10-41-27 - {"e":"aggTrade","E":1697087487527,"s":"BTCUSDT","a":2722589259,"p":"26792.21000000","q":"0.00230000","f":3236771201,"l":3236771201,"T":1697087487526,"m":true,"M":true}
2023-10-12 10:41:28,904 - 904 - INFO - program is working as expected.
2023-10-12 10:41:28,904 - 904 - INFO - 2023-10-12_10-41-28 - {"e":"aggTrade","E":1697087488597,"s":"BTCUSDT","a":2722589260,"p":"26792.21000000","q":"0.00360000","f":3236771202,"l":3236771202,"T":1697087488596,"m":true,"M":true}
2023-10-12 10:41:29,175 - 175 - INFO - program is working as expected.
2023-10-12 10:41:29,175 - 175 - INFO - 2023-10-12_10-41-29 - {"e":"aggTrade","E":1697087488887,"s":"BTCUSDT","a":2722589261,"p":"26792.21000000","q":"0.00948000","f":3236771203,"l":3236771203,"T":1697087488886,"m":true,"M":true}
2023-10-12 10:41:29,545 - 545 - INFO - program is working as expected.
2023-10-12 10:41:29,545 - 545 - INFO - 2023-10-12_10-41-29 - {"e":"aggTrade","E":1697087489278,"s":"BTCUSDT","a":2722589262,"p":"26792.21000000","q":"0.00208000","f":3236771204,"l":3236771204,"T":1697087489278,"m":true,"M":true}
2023-10-12 10:41:30,619 - 619 - INFO - program is working as expected.
2023-10-12 10:41:30,619 - 619 - INFO - 2023-10-12_10-41-30 - {"e":"aggTrade","E":1697087490347,"s":"BTCUSDT","a":2722589263,"p":"26792.21000000","q":"0.00033000","f":3236771205,"l":3236771205,"T":1697087490346,"m":true,"M":true}
2023-10-12 10:41:33,690 - 690 - INFO - program is working as expected.
2023-10-12 10:41:33,690 - 690 - INFO - 2023-10-12_10-41-33 - {"e":"aggTrade","E":1697087493412,"s":"BTCUSDT","a":2722589264,"p":"26792.21000000","q":"0.00019000","f":3236771206,"l":3236771206,"T":1697087493412,"m":true,"M":true}
2023-10-12 10:41:35,223 - 223 - INFO - program is working as expected.
2023-10-12 10:41:35,223 - 223 - INFO - 2023-10-12_10-41-35 - {"e":"aggTrade","E":1697087494927,"s":"BTCUSDT","a":2722589265,"p":"26792.22000000","q":"0.10293000","f":3236771207,"l":3236771207,"T":1697087494926,"m":false,"M":true}
2023-10-12 10:41:35,374 - 374 - INFO - program is working as expected.
2023-10-12 10:41:35,374 - 374 - INFO - 2023-10-12_10-41-35 - {"e":"aggTrade","E":1697087495093,"s":"BTCUSDT","a":2722589266,"p":"26792.21000000","q":"0.00500000","f":3236771208,"l":3236771208,"T":1697087495093,"m":true,"M":true}
2023-10-12 10:41:35,588 - 588 - INFO - program is working as expected.
2023-10-12 10:41:35,588 - 588 - INFO - 2023-10-12_10-41-35 - {"e":"aggTrade","E":1697087495311,"s":"BTCUSDT","a":2722589267,"p":"26792.21000000","q":"0.02746000","f":3236771209,"l":3236771209,"T":1697087495310,"m":true,"M":true}
2023-10-12 10:41:35,662 - 662 - INFO - program is working as expected.
2023-10-12 10:41:35,663 - 663 - INFO - 2023-10-12_10-41-35 - {"e":"aggTrade","E":1697087495379,"s":"BTCUSDT","a":2722589268,"p":"26792.21000000","q":"0.02498000","f":3236771210,"l":3236771210,"T":1697087495379,"m":true,"M":true}
2023-10-12 10:41:36,134 - 134 - INFO - program is working as expected.
2023-10-12 10:41:36,134 - 134 - INFO - 2023-10-12_10-41-36 - {"e":"aggTrade","E":1697087495848,"s":"BTCUSDT","a":2722589269,"p":"26792.21000000","q":"0.00346000","f":3236771211,"l":3236771211,"T":1697087495847,"m":true,"M":true}
2023-10-12 10:41:36,220 - 220 - INFO - program is working as expected.
2023-10-12 10:41:36,221 - 221 - INFO - 2023-10-12_10-41-36 - {"e":"aggTrade","E":1697087495942,"s":"BTCUSDT","a":2722589270,"p":"26792.21000000","q":"0.00106000","f":3236771212,"l":3236771212,"T":1697087495941,"m":true,"M":true}
2023-10-12 10:41:38,012 - 12 - INFO - program is working as expected.
2023-10-12 10:41:38,012 - 12 - INFO - 2023-10-12_10-41-38 - {"e":"aggTrade","E":1697087496607,"s":"BTCUSDT","a":2722589271,"p":"26792.22000000","q":"0.00038000","f":3236771213,"l":3236771213,"T":1697087496606,"m":false,"M":true}
2023-10-12 10:41:38,012 - 12 - INFO - program is working as expected.
2023-10-12 10:41:38,012 - 12 - INFO - 2023-10-12_10-41-38 - {"e":"aggTrade","E":1697087496885,"s":"BTCUSDT","a":2722589272,"p":"26792.21000000","q":"0.00061000","f":3236771214,"l":3236771214,"T":1697087496885,"m":true,"M":true}
2023-10-12 10:41:39,386 - 386 - INFO - program is working as expected.
2023-10-12 10:41:39,386 - 386 - INFO - 2023-10-12_10-41-39 - {"e":"aggTrade","E":1697087498310,"s":"BTCUSDT","a":2722589273,"p":"26792.21000000","q":"0.00050000","f":3236771215,"l":3236771215,"T":1697087498310,"m":true,"M":true}
2023-10-12 10:41:40,059 - 59 - INFO - program is working as expected.
2023-10-12 10:41:40,059 - 59 - INFO - 2023-10-12_10-41-40 - {"e":"aggTrade","E":1697087499651,"s":"BTCUSDT","a":2722589274,"p":"26792.22000000","q":"0.01171000","f":3236771216,"l":3236771216,"T":1697087499651,"m":false,"M":true}
2023-10-12 10:41:40,309 - 309 - INFO - program is working as expected.
2023-10-12 10:41:40,309 - 309 - INFO - 2023-10-12_10-41-40 - {"e":"aggTrade","E":1697087499988,"s":"BTCUSDT","a":2722589275,"p":"26792.21000000","q":"0.00036000","f":3236771217,"l":3236771217,"T":1697087499988,"m":true,"M":true}
2023-10-12 10:41:41,386 - 386 - INFO - program is working as expected.
2023-10-12 10:41:41,386 - 386 - INFO - 2023-10-12_10-41-41 - {"e":"aggTrade","E":1697087501111,"s":"BTCUSDT","a":2722589276,"p":"26792.21000000","q":"0.00324000","f":3236771218,"l":3236771218,"T":1697087501111,"m":true,"M":true}
2023-10-12 10:41:42,468 - 468 - INFO - program is working as expected.
2023-10-12 10:41:42,484 - 484 - INFO - 2023-10-12_10-41-42 - {"e":"aggTrade","E":1697087502201,"s":"BTCUSDT","a":2722589277,"p":"26792.22000000","q":"0.00093000","f":3236771219,"l":3236771219,"T":1697087502200,"m":false,"M":true}
2023-10-12 10:41:43,128 - 128 - INFO - program is working as expected.
2023-10-12 10:41:43,128 - 128 - INFO - 2023-10-12_10-41-43 - {"e":"aggTrade","E":1697087502787,"s":"BTCUSDT","a":2722589278,"p":"26792.22000000","q":"0.00124000","f":3236771220,"l":3236771220,"T":1697087502786,"m":false,"M":true}
2023-10-12 10:41:43,144 - 144 - INFO - program is working as expected.
2023-10-12 10:41:43,144 - 144 - INFO - 2023-10-12_10-41-43 - {"e":"aggTrade","E":1697087502829,"s":"BTCUSDT","a":2722589279,"p":"26792.21000000","q":"0.00053000","f":3236771221,"l":3236771221,"T":1697087502828,"m":true,"M":true}
2023-10-12 10:41:44,661 - 661 - INFO - program is working as expected.
2023-10-12 10:41:44,661 - 661 - INFO - 2023-10-12_10-41-44 - {"e":"aggTrade","E":1697087504388,"s":"BTCUSDT","a":2722589280,"p":"26792.22000000","q":"0.07010000","f":3236771222,"l":3236771222,"T":1697087504387,"m":false,"M":true}
2023-10-12 10:41:45,292 - 292 - INFO - program is working as expected.
2023-10-12 10:41:45,292 - 292 - INFO - 2023-10-12_10-41-45 - {"e":"aggTrade","E":1697087505016,"s":"BTCUSDT","a":2722589281,"p":"26792.21000000","q":"0.02981000","f":3236771223,"l":3236771224,"T":1697087505015,"m":true,"M":true}
2023-10-12 10:41:45,292 - 292 - INFO - program is working as expected.
2023-10-12 10:41:45,292 - 292 - INFO - 2023-10-12_10-41-45 - {"e":"aggTrade","E":1697087505026,"s":"BTCUSDT","a":2722589282,"p":"26792.22000000","q":"0.00525000","f":3236771225,"l":3236771225,"T":1697087505026,"m":false,"M":true}
2023-10-12 10:41:45,768 - 768 - INFO - program is working as expected.
2023-10-12 10:41:45,769 - 769 - INFO - 2023-10-12_10-41-45 - {"e":"aggTrade","E":1697087505444,"s":"BTCUSDT","a":2722589283,"p":"26792.21000000","q":"0.00020000","f":3236771226,"l":3236771226,"T":1697087505443,"m":true,"M":true}
2023-10-12 10:41:46,291 - 291 - INFO - program is working as expected.
2023-10-12 10:41:46,292 - 292 - INFO - 2023-10-12_10-41-46 - {"e":"aggTrade","E":1697087506011,"s":"BTCUSDT","a":2722589284,"p":"26792.22000000","q":"0.00023000","f":3236771227,"l":3236771227,"T":1697087506010,"m":false,"M":true}
2023-10-12 10:41:47,352 - 352 - INFO - program is working as expected.
2023-10-12 10:41:47,352 - 352 - INFO - 2023-10-12_10-41-47 - {"e":"aggTrade","E":1697087507087,"s":"BTCUSDT","a":2722589285,"p":"26792.21000000","q":"0.01833000","f":3236771228,"l":3236771229,"T":1697087507086,"m":true,"M":true}
2023-10-12 10:41:47,719 - 719 - INFO - program is working as expected.
2023-10-12 10:41:47,719 - 719 - INFO - 2023-10-12_10-41-47 - {"e":"aggTrade","E":1697087507448,"s":"BTCUSDT","a":2722589286,"p":"26792.21000000","q":"0.00089000","f":3236771230,"l":3236771230,"T":1697087507447,"m":true,"M":true}
2023-10-12 10:41:48,683 - 683 - INFO - program is working as expected.
2023-10-12 10:41:48,683 - 683 - INFO - 2023-10-12_10-41-48 - {"e":"aggTrade","E":1697087508403,"s":"BTCUSDT","a":2722589287,"p":"26792.21000000","q":"1.12647000","f":3236771231,"l":3236771235,"T":1697087508402,"m":true,"M":true}
2023-10-12 10:41:49,542 - 542 - INFO - program is working as expected.
2023-10-12 10:41:49,542 - 542 - INFO - 2023-10-12_10-41-49 - {"e":"aggTrade","E":1697087509266,"s":"BTCUSDT","a":2722589288,"p":"26792.22000000","q":"0.00239000","f":3236771236,"l":3236771236,"T":1697087509265,"m":false,"M":true}
2023-10-12 10:41:49,885 - 885 - INFO - program is working as expected.
2023-10-12 10:41:49,885 - 885 - INFO - 2023-10-12_10-41-49 - {"e":"aggTrade","E":1697087509613,"s":"BTCUSDT","a":2722589289,"p":"26792.21000000","q":"0.00186000","f":3236771237,"l":3236771237,"T":1697087509613,"m":true,"M":true}
2023-10-12 10:41:50,070 - 70 - INFO - program is working as expected.
2023-10-12 10:41:50,070 - 70 - INFO - 2023-10-12_10-41-50 - {"e":"aggTrade","E":1697087509801,"s":"BTCUSDT","a":2722589290,"p":"26792.22000000","q":"0.00190000","f":3236771238,"l":3236771238,"T":1697087509801,"m":false,"M":true}
2023-10-12 10:41:50,102 - 102 - INFO - program is working as expected.
2023-10-12 10:41:50,103 - 103 - INFO - 2023-10-12_10-41-50 - {"e":"aggTrade","E":1697087509807,"s":"BTCUSDT","a":2722589291,"p":"26792.21000000","q":"0.02193000","f":3236771239,"l":3236771239,"T":1697087509807,"m":true,"M":true}
2023-10-12 10:41:50,222 - 222 - INFO - program is working as expected.
2023-10-12 10:41:50,222 - 222 - INFO - 2023-10-12_10-41-50 - {"e":"aggTrade","E":1697087509934,"s":"BTCUSDT","a":2722589292,"p":"26792.21000000","q":"0.00024000","f":3236771240,"l":3236771240,"T":1697087509934,"m":true,"M":true}
2023-10-12 10:41:50,964 - 964 - INFO - program is working as expected.
2023-10-12 10:41:50,964 - 964 - INFO - 2023-10-12_10-41-50 - {"e":"aggTrade","E":1697087510690,"s":"BTCUSDT","a":2722589293,"p":"26792.21000000","q":"0.03732000","f":3236771241,"l":3236771241,"T":1697087510690,"m":true,"M":true}
2023-10-12 10:41:52,016 - 16 - INFO - program is working as expected.
2023-10-12 10:41:52,016 - 16 - INFO - 2023-10-12_10-41-52 - {"e":"aggTrade","E":1697087511720,"s":"BTCUSDT","a":2722589294,"p":"26792.21000000","q":"0.00075000","f":3236771242,"l":3236771242,"T":1697087511719,"m":true,"M":true}
2023-10-12 10:41:52,791 - 791 - INFO - program is working as expected.
2023-10-12 10:41:52,791 - 791 - INFO - 2023-10-12_10-41-52 - {"e":"aggTrade","E":1697087512187,"s":"BTCUSDT","a":2722589295,"p":"26792.22000000","q":"0.02386000","f":3236771243,"l":3236771243,"T":1697087512186,"m":false,"M":true}
2023-10-12 10:41:52,791 - 791 - INFO - program is working as expected.
2023-10-12 10:41:52,791 - 791 - INFO - 2023-10-12_10-41-52 - {"e":"aggTrade","E":1697087512500,"s":"BTCUSDT","a":2722589296,"p":"26792.21000000","q":"0.00577000","f":3236771244,"l":3236771244,"T":1697087512499,"m":true,"M":true}
2023-10-12 10:41:53,206 - 206 - INFO - program is working as expected.
2023-10-12 10:41:53,206 - 206 - INFO - 2023-10-12_10-41-53 - {"e":"aggTrade","E":1697087512890,"s":"BTCUSDT","a":2722589297,"p":"26792.21000000","q":"0.00752000","f":3236771245,"l":3236771245,"T":1697087512890,"m":true,"M":true}
2023-10-12 10:41:53,206 - 206 - INFO - program is working as expected.
2023-10-12 10:41:53,206 - 206 - INFO - 2023-10-12_10-41-53 - {"e":"aggTrade","E":1697087512919,"s":"BTCUSDT","a":2722589298,"p":"26792.21000000","q":"0.00974000","f":3236771246,"l":3236771246,"T":1697087512918,"m":true,"M":true}
2023-10-12 10:41:53,291 - 291 - INFO - program is working as expected.
2023-10-12 10:41:53,291 - 291 - INFO - 2023-10-12_10-41-53 - {"e":"aggTrade","E":1697087512980,"s":"BTCUSDT","a":2722589299,"p":"26792.21000000","q":"0.00035000","f":3236771247,"l":3236771247,"T":1697087512980,"m":true,"M":true}
2023-10-12 10:41:53,806 - 806 - INFO - program is working as expected.
2023-10-12 10:41:53,806 - 806 - INFO - 2023-10-12_10-41-53 - {"e":"aggTrade","E":1697087513403,"s":"BTCUSDT","a":2722589300,"p":"26792.21000000","q":"0.00097000","f":3236771248,"l":3236771248,"T":1697087513403,"m":true,"M":true}
2023-10-12 10:41:53,806 - 806 - INFO - program is working as expected.
2023-10-12 10:41:53,806 - 806 - INFO - 2023-10-12_10-41-53 - {"e":"aggTrade","E":1697087513441,"s":"BTCUSDT","a":2722589301,"p":"26792.21000000","q":"0.00072000","f":3236771249,"l":3236771249,"T":1697087513440,"m":true,"M":true}
2023-10-12 10:41:54,780 - 780 - INFO - program is working as expected.
2023-10-12 10:41:54,781 - 781 - INFO - 2023-10-12_10-41-54 - {"e":"aggTrade","E":1697087514370,"s":"BTCUSDT","a":2722589302,"p":"26792.21000000","q":"0.00526000","f":3236771250,"l":3236771250,"T":1697087514369,"m":true,"M":true}
2023-10-12 10:41:55,282 - 282 - INFO - program is working as expected.
2023-10-12 10:41:55,283 - 283 - INFO - 2023-10-12_10-41-55 - {"e":"aggTrade","E":1697087514982,"s":"BTCUSDT","a":2722589303,"p":"26792.22000000","q":"0.00045000","f":3236771251,"l":3236771251,"T":1697087514981,"m":false,"M":true}
2023-10-12 10:41:56,154 - 154 - INFO - program is working as expected.
2023-10-12 10:41:56,154 - 154 - INFO - 2023-10-12_10-41-56 - {"e":"aggTrade","E":1697087515879,"s":"BTCUSDT","a":2722589304,"p":"26792.21000000","q":"0.00038000","f":3236771252,"l":3236771252,"T":1697087515878,"m":true,"M":true}
2023-10-12 10:41:56,523 - 523 - INFO - program is working as expected.
2023-10-12 10:41:56,523 - 523 - INFO - 2023-10-12_10-41-56 - {"e":"aggTrade","E":1697087516248,"s":"BTCUSDT","a":2722589305,"p":"26792.21000000","q":"0.00179000","f":3236771253,"l":3236771253,"T":1697087516247,"m":true,"M":true}
2023-10-12 10:41:56,624 - 624 - INFO - program is working as expected.
2023-10-12 10:41:56,624 - 624 - INFO - 2023-10-12_10-41-56 - {"e":"aggTrade","E":1697087516359,"s":"BTCUSDT","a":2722589306,"p":"26792.21000000","q":"0.00261000","f":3236771254,"l":3236771254,"T":1697087516358,"m":true,"M":true}
2023-10-12 10:41:58,899 - 899 - INFO - program is working as expected.
2023-10-12 10:41:58,899 - 899 - INFO - 2023-10-12_10-41-58 - {"e":"aggTrade","E":1697087518634,"s":"BTCUSDT","a":2722589307,"p":"26792.21000000","q":"0.00370000","f":3236771255,"l":3236771255,"T":1697087518634,"m":true,"M":true}
2023-10-12 10:42:00,183 - 183 - INFO - program is working as expected.
2023-10-12 10:42:00,183 - 183 - INFO - 2023-10-12_10-42-00 - {"e":"aggTrade","E":1697087519670,"s":"BTCUSDT","a":2722589308,"p":"26792.21000000","q":"0.05399000","f":3236771256,"l":3236771256,"T":1697087519669,"m":true,"M":true}
2023-10-12 10:42:00,199 - 199 - INFO - program is working as expected.
2023-10-12 10:42:00,199 - 199 - INFO - 2023-10-12_10-42-00 - {"e":"aggTrade","E":1697087519919,"s":"BTCUSDT","a":2722589309,"p":"26792.22000000","q":"0.00196000","f":3236771257,"l":3236771257,"T":1697087519918,"m":false,"M":true}
2023-10-12 10:42:00,206 - 206 - INFO - program is working as expected.
2023-10-12 10:42:00,207 - 207 - INFO - 2023-10-12_10-42-00 - {"e":"aggTrade","E":1697087519924,"s":"BTCUSDT","a":2722589310,"p":"26792.22000000","q":"0.00048000","f":3236771258,"l":3236771258,"T":1697087519923,"m":false,"M":true}
2023-10-12 10:42:00,210 - 210 - INFO - program is working as expected.
2023-10-12 10:42:00,211 - 211 - INFO - 2023-10-12_10-42-00 - {"e":"aggTrade","E":1697087519924,"s":"BTCUSDT","a":2722589311,"p":"26792.21000000","q":"0.00413000","f":3236771259,"l":3236771259,"T":1697087519923,"m":true,"M":true}
2023-10-12 10:42:00,214 - 214 - INFO - program is working as expected.
2023-10-12 10:42:00,214 - 214 - INFO - 2023-10-12_10-42-00 - {"e":"aggTrade","E":1697087519924,"s":"BTCUSDT","a":2722589312,"p":"26792.22000000","q":"0.00189000","f":3236771260,"l":3236771260,"T":1697087519924,"m":false,"M":true}
2023-10-12 10:42:00,222 - 222 - INFO - program is working as expected.
2023-10-12 10:42:00,223 - 223 - INFO - 2023-10-12_10-42-00 - {"e":"aggTrade","E":1697087519930,"s":"BTCUSDT","a":2722589313,"p":"26792.22000000","q":"0.00344000","f":3236771261,"l":3236771261,"T":1697087519929,"m":false,"M":true}
2023-10-12 10:42:00,226 - 226 - INFO - program is working as expected.
2023-10-12 10:42:00,226 - 226 - INFO - 2023-10-12_10-42-00 - {"e":"aggTrade","E":1697087519930,"s":"BTCUSDT","a":2722589314,"p":"26792.22000000","q":"0.00391000","f":3236771262,"l":3236771262,"T":1697087519929,"m":false,"M":true}
2023-10-12 10:42:00,226 - 226 - INFO - program is working as expected.
2023-10-12 10:42:00,226 - 226 - INFO - 2023-10-12_10-42-00 - {"e":"aggTrade","E":1697087519931,"s":"BTCUSDT","a":2722589315,"p":"26792.21000000","q":"0.00155000","f":3236771263,"l":3236771263,"T":1697087519931,"m":true,"M":true}
2023-10-12 10:42:00,226 - 226 - INFO - program is working as expected.
2023-10-12 10:42:00,237 - 237 - INFO - 2023-10-12_10-42-00 - {"e":"aggTrade","E":1697087519934,"s":"BTCUSDT","a":2722589316,"p":"26792.21000000","q":"0.00331000","f":3236771264,"l":3236771264,"T":1697087519934,"m":true,"M":true}
2023-10-12 10:42:00,240 - 240 - INFO - program is working as expected.
2023-10-12 10:42:00,242 - 242 - INFO - 2023-10-12_10-42-00 - {"e":"aggTrade","E":1697087519935,"s":"BTCUSDT","a":2722589317,"p":"26792.22000000","q":"0.00409000","f":3236771265,"l":3236771265,"T":1697087519934,"m":false,"M":true}
2023-10-12 10:42:00,244 - 244 - INFO - program is working as expected.
2023-10-12 10:42:00,245 - 245 - INFO - 2023-10-12_10-42-00 - {"e":"aggTrade","E":1697087519935,"s":"BTCUSDT","a":2722589318,"p":"26792.22000000","q":"0.00157000","f":3236771266,"l":3236771266,"T":1697087519934,"m":false,"M":true}
2023-10-12 10:42:00,403 - 403 - INFO - program is working as expected.
2023-10-12 10:42:00,403 - 403 - INFO - 2023-10-12_10-42-00 - {"e":"aggTrade","E":1697087519936,"s":"BTCUSDT","a":2722589319,"p":"26792.22000000","q":"0.00221000","f":3236771267,"l":3236771267,"T":1697087519936,"m":false,"M":true}
2023-10-12 10:42:00,403 - 403 - INFO - program is working as expected.
2023-10-12 10:42:00,403 - 403 - INFO - 2023-10-12_10-42-00 - {"e":"aggTrade","E":1697087519936,"s":"BTCUSDT","a":2722589320,"p":"26792.22000000","q":"0.00273000","f":3236771268,"l":3236771268,"T":1697087519936,"m":false,"M":true}
2023-10-12 10:42:00,414 - 414 - INFO - program is working as expected.
2023-10-12 10:42:00,415 - 415 - INFO - 2023-10-12_10-42-00 - {"e":"aggTrade","E":1697087519937,"s":"BTCUSDT","a":2722589321,"p":"26792.22000000","q":"0.00277000","f":3236771269,"l":3236771269,"T":1697087519937,"m":false,"M":true}
2023-10-12 10:42:00,418 - 418 - INFO - program is working as expected.
2023-10-12 10:42:00,418 - 418 - INFO - 2023-10-12_10-42-00 - {"e":"aggTrade","E":1697087519937,"s":"BTCUSDT","a":2722589322,"p":"26792.21000000","q":"0.00314000","f":3236771270,"l":3236771270,"T":1697087519937,"m":true,"M":true}
2023-10-12 10:42:00,423 - 423 - INFO - program is working as expected.
2023-10-12 10:42:00,424 - 424 - INFO - 2023-10-12_10-42-00 - {"e":"aggTrade","E":1697087519940,"s":"BTCUSDT","a":2722589323,"p":"26792.21000000","q":"0.00056000","f":3236771271,"l":3236771271,"T":1697087519939,"m":true,"M":true}
2023-10-12 10:42:00,428 - 428 - INFO - program is working as expected.
2023-10-12 10:42:00,428 - 428 - INFO - 2023-10-12_10-42-00 - {"e":"aggTrade","E":1697087519943,"s":"BTCUSDT","a":2722589324,"p":"26792.22000000","q":"0.00089000","f":3236771272,"l":3236771272,"T":1697087519942,"m":false,"M":true}
2023-10-12 10:42:00,428 - 428 - INFO - program is working as expected.
2023-10-12 10:42:00,428 - 428 - INFO - 2023-10-12_10-42-00 - {"e":"aggTrade","E":1697087519944,"s":"BTCUSDT","a":2722589325,"p":"26792.22000000","q":"0.00094000","f":3236771273,"l":3236771273,"T":1697087519944,"m":false,"M":true}
2023-10-12 10:42:00,428 - 428 - INFO - program is working as expected.
2023-10-12 10:42:00,437 - 437 - INFO - 2023-10-12_10-42-00 - {"e":"aggTrade","E":1697087519945,"s":"BTCUSDT","a":2722589326,"p":"26792.21000000","q":"0.00402000","f":3236771274,"l":3236771274,"T":1697087519945,"m":true,"M":true}
2023-10-12 10:42:00,441 - 441 - INFO - program is working as expected.
2023-10-12 10:42:00,442 - 442 - INFO - 2023-10-12_10-42-00 - {"e":"aggTrade","E":1697087519946,"s":"BTCUSDT","a":2722589327,"p":"26792.21000000","q":"0.00331000","f":3236771275,"l":3236771275,"T":1697087519945,"m":true,"M":true}
2023-10-12 10:42:00,444 - 444 - INFO - program is working as expected.
2023-10-12 10:42:00,444 - 444 - INFO - 2023-10-12_10-42-00 - {"e":"aggTrade","E":1697087519946,"s":"BTCUSDT","a":2722589328,"p":"26792.21000000","q":"0.00221000","f":3236771276,"l":3236771276,"T":1697087519945,"m":true,"M":true}
2023-10-12 10:42:00,444 - 444 - INFO - program is working as expected.
2023-10-12 10:42:00,444 - 444 - INFO - 2023-10-12_10-42-00 - {"e":"aggTrade","E":1697087519947,"s":"BTCUSDT","a":2722589329,"p":"26792.21000000","q":"0.00216000","f":3236771277,"l":3236771277,"T":1697087519946,"m":true,"M":true}
2023-10-12 10:42:00,455 - 455 - INFO - program is working as expected.
2023-10-12 10:42:00,456 - 456 - INFO - 2023-10-12_10-42-00 - {"e":"aggTrade","E":1697087519948,"s":"BTCUSDT","a":2722589330,"p":"26792.21000000","q":"0.00372000","f":3236771278,"l":3236771278,"T":1697087519948,"m":true,"M":true}
2023-10-12 10:42:00,460 - 460 - INFO - program is working as expected.
2023-10-12 10:42:00,460 - 460 - INFO - 2023-10-12_10-42-00 - {"e":"aggTrade","E":1697087519949,"s":"BTCUSDT","a":2722589331,"p":"26792.22000000","q":"0.00361000","f":3236771279,"l":3236771279,"T":1697087519949,"m":false,"M":true}
2023-10-12 10:42:00,460 - 460 - INFO - program is working as expected.
2023-10-12 10:42:00,460 - 460 - INFO - 2023-10-12_10-42-00 - {"e":"aggTrade","E":1697087519950,"s":"BTCUSDT","a":2722589332,"p":"26792.21000000","q":"0.00370000","f":3236771280,"l":3236771280,"T":1697087519950,"m":true,"M":true}
2023-10-12 10:42:00,460 - 460 - INFO - program is working as expected.
2023-10-12 10:42:00,460 - 460 - INFO - 2023-10-12_10-42-00 - {"e":"aggTrade","E":1697087519951,"s":"BTCUSDT","a":2722589333,"p":"26792.22000000","q":"0.00184000","f":3236771281,"l":3236771281,"T":1697087519950,"m":false,"M":true}
2023-10-12 10:42:00,473 - 473 - INFO - program is working as expected.
2023-10-12 10:42:00,475 - 475 - INFO - 2023-10-12_10-42-00 - {"e":"aggTrade","E":1697087519952,"s":"BTCUSDT","a":2722589334,"p":"26792.21000000","q":"0.00099000","f":3236771282,"l":3236771282,"T":1697087519952,"m":true,"M":true}
2023-10-12 10:42:00,478 - 478 - INFO - program is working as expected.
2023-10-12 10:42:00,479 - 479 - INFO - 2023-10-12_10-42-00 - {"e":"aggTrade","E":1697087519952,"s":"BTCUSDT","a":2722589335,"p":"26792.22000000","q":"0.00322000","f":3236771283,"l":3236771283,"T":1697087519952,"m":false,"M":true}
2023-10-12 10:42:00,482 - 482 - INFO - program is working as expected.
2023-10-12 10:42:00,483 - 483 - INFO - 2023-10-12_10-42-00 - {"e":"aggTrade","E":1697087519952,"s":"BTCUSDT","a":2722589336,"p":"26792.21000000","q":"0.00348000","f":3236771284,"l":3236771284,"T":1697087519952,"m":true,"M":true}
2023-10-12 10:42:00,485 - 485 - INFO - program is working as expected.
2023-10-12 10:42:00,489 - 489 - INFO - 2023-10-12_10-42-00 - {"e":"aggTrade","E":1697087519953,"s":"BTCUSDT","a":2722589337,"p":"26792.21000000","q":"0.00202000","f":3236771285,"l":3236771285,"T":1697087519953,"m":true,"M":true}
2023-10-12 10:42:00,492 - 492 - INFO - program is working as expected.
2023-10-12 10:42:00,493 - 493 - INFO - 2023-10-12_10-42-00 - {"e":"aggTrade","E":1697087519957,"s":"BTCUSDT","a":2722589338,"p":"26792.21000000","q":"0.00179000","f":3236771286,"l":3236771286,"T":1697087519957,"m":true,"M":true}
2023-10-12 10:42:00,497 - 497 - INFO - program is working as expected.
2023-10-12 10:42:00,498 - 498 - INFO - 2023-10-12_10-42-00 - {"e":"aggTrade","E":1697087519960,"s":"BTCUSDT","a":2722589339,"p":"26792.22000000","q":"0.00283000","f":3236771287,"l":3236771287,"T":1697087519960,"m":false,"M":true}
2023-10-12 10:42:00,503 - 503 - INFO - program is working as expected.
2023-10-12 10:42:00,505 - 505 - INFO - 2023-10-12_10-42-00 - {"e":"aggTrade","E":1697087519964,"s":"BTCUSDT","a":2722589340,"p":"26792.22000000","q":"0.00228000","f":3236771288,"l":3236771288,"T":1697087519964,"m":false,"M":true}
2023-10-12 10:42:00,509 - 509 - INFO - program is working as expected.
2023-10-12 10:42:00,511 - 511 - INFO - 2023-10-12_10-42-00 - {"e":"aggTrade","E":1697087519968,"s":"BTCUSDT","a":2722589341,"p":"26792.21000000","q":"0.00223000","f":3236771289,"l":3236771289,"T":1697087519967,"m":true,"M":true}
2023-10-12 10:42:00,512 - 512 - INFO - program is working as expected.
2023-10-12 10:42:00,512 - 512 - INFO - 2023-10-12_10-42-00 - {"e":"aggTrade","E":1697087519968,"s":"BTCUSDT","a":2722589342,"p":"26792.22000000","q":"0.00120000","f":3236771290,"l":3236771290,"T":1697087519968,"m":false,"M":true}
2023-10-12 10:42:00,512 - 512 - INFO - program is working as expected.
2023-10-12 10:42:00,512 - 512 - INFO - 2023-10-12_10-42-00 - {"e":"aggTrade","E":1697087519969,"s":"BTCUSDT","a":2722589343,"p":"26792.21000000","q":"0.00266000","f":3236771291,"l":3236771291,"T":1697087519968,"m":true,"M":true}
2023-10-12 10:42:00,521 - 521 - INFO - program is working as expected.
2023-10-12 10:42:00,524 - 524 - INFO - 2023-10-12_10-42-00 - {"e":"aggTrade","E":1697087519970,"s":"BTCUSDT","a":2722589344,"p":"26792.21000000","q":"0.00139000","f":3236771292,"l":3236771292,"T":1697087519970,"m":true,"M":true}
2023-10-12 10:42:00,529 - 529 - INFO - program is working as expected.
2023-10-12 10:42:00,529 - 529 - INFO - 2023-10-12_10-42-00 - {"e":"aggTrade","E":1697087519970,"s":"BTCUSDT","a":2722589345,"p":"26792.21000000","q":"0.00189000","f":3236771293,"l":3236771293,"T":1697087519970,"m":true,"M":true}
2023-10-12 10:42:00,529 - 529 - INFO - program is working as expected.
2023-10-12 10:42:00,529 - 529 - INFO - 2023-10-12_10-42-00 - {"e":"aggTrade","E":1697087519970,"s":"BTCUSDT","a":2722589346,"p":"26792.21000000","q":"0.00156000","f":3236771294,"l":3236771294,"T":1697087519970,"m":true,"M":true}
2023-10-12 10:42:00,529 - 529 - INFO - program is working as expected.
2023-10-12 10:42:00,538 - 538 - INFO - 2023-10-12_10-42-00 - {"e":"aggTrade","E":1697087519973,"s":"BTCUSDT","a":2722589347,"p":"26792.21000000","q":"0.00407000","f":3236771295,"l":3236771295,"T":1697087519973,"m":true,"M":true}
2023-10-12 10:42:00,543 - 543 - INFO - program is working as expected.
2023-10-12 10:42:00,544 - 544 - INFO - 2023-10-12_10-42-00 - {"e":"aggTrade","E":1697087519974,"s":"BTCUSDT","a":2722589348,"p":"26792.22000000","q":"0.00094000","f":3236771296,"l":3236771296,"T":1697087519973,"m":false,"M":true}
2023-10-12 10:42:00,545 - 545 - INFO - program is working as expected.
2023-10-12 10:42:00,545 - 545 - INFO - 2023-10-12_10-42-00 - {"e":"aggTrade","E":1697087519974,"s":"BTCUSDT","a":2722589349,"p":"26792.21000000","q":"0.00288000","f":3236771297,"l":3236771297,"T":1697087519974,"m":true,"M":true}
2023-10-12 10:42:00,545 - 545 - INFO - program is working as expected.
2023-10-12 10:42:00,545 - 545 - INFO - 2023-10-12_10-42-00 - {"e":"aggTrade","E":1697087519975,"s":"BTCUSDT","a":2722589350,"p":"26792.22000000","q":"0.00195000","f":3236771298,"l":3236771298,"T":1697087519974,"m":false,"M":true}
2023-10-12 10:42:00,545 - 545 - INFO - program is working as expected.
2023-10-12 10:42:00,555 - 555 - INFO - 2023-10-12_10-42-00 - {"e":"aggTrade","E":1697087519977,"s":"BTCUSDT","a":2722589351,"p":"26792.21000000","q":"0.00140000","f":3236771299,"l":3236771299,"T":1697087519977,"m":true,"M":true}
2023-10-12 10:42:00,561 - 561 - INFO - program is working as expected.
2023-10-12 10:42:00,561 - 561 - INFO - 2023-10-12_10-42-00 - {"e":"aggTrade","E":1697087519980,"s":"BTCUSDT","a":2722589352,"p":"26792.21000000","q":"0.00073000","f":3236771300,"l":3236771300,"T":1697087519980,"m":true,"M":true}
2023-10-12 10:42:00,561 - 561 - INFO - program is working as expected.
2023-10-12 10:42:00,561 - 561 - INFO - 2023-10-12_10-42-00 - {"e":"aggTrade","E":1697087519981,"s":"BTCUSDT","a":2722589353,"p":"26792.21000000","q":"0.00142000","f":3236771301,"l":3236771301,"T":1697087519980,"m":true,"M":true}
2023-10-12 10:42:00,561 - 561 - INFO - program is working as expected.
2023-10-12 10:42:00,561 - 561 - INFO - 2023-10-12_10-42-00 - {"e":"aggTrade","E":1697087519982,"s":"BTCUSDT","a":2722589354,"p":"26792.21000000","q":"0.00227000","f":3236771302,"l":3236771302,"T":1697087519981,"m":true,"M":true}
2023-10-12 10:42:00,572 - 572 - INFO - program is working as expected.
2023-10-12 10:42:00,574 - 574 - INFO - 2023-10-12_10-42-00 - {"e":"aggTrade","E":1697087519982,"s":"BTCUSDT","a":2722589355,"p":"26792.22000000","q":"0.00398000","f":3236771303,"l":3236771303,"T":1697087519981,"m":false,"M":true}
2023-10-12 10:42:00,576 - 576 - INFO - program is working as expected.
2023-10-12 10:42:00,576 - 576 - INFO - 2023-10-12_10-42-00 - {"e":"aggTrade","E":1697087519982,"s":"BTCUSDT","a":2722589356,"p":"26792.21000000","q":"0.00301000","f":3236771304,"l":3236771304,"T":1697087519982,"m":true,"M":true}
2023-10-12 10:42:00,576 - 576 - INFO - program is working as expected.
2023-10-12 10:42:00,576 - 576 - INFO - 2023-10-12_10-42-00 - {"e":"aggTrade","E":1697087519982,"s":"BTCUSDT","a":2722589357,"p":"26792.22000000","q":"0.00161000","f":3236771305,"l":3236771305,"T":1697087519982,"m":false,"M":true}
2023-10-12 10:42:00,576 - 576 - INFO - program is working as expected.
2023-10-12 10:42:00,576 - 576 - INFO - 2023-10-12_10-42-00 - {"e":"aggTrade","E":1697087519982,"s":"BTCUSDT","a":2722589358,"p":"26792.21000000","q":"0.00141000","f":3236771306,"l":3236771306,"T":1697087519982,"m":true,"M":true}
2023-10-12 10:42:00,576 - 576 - INFO - program is working as expected.
2023-10-12 10:42:00,576 - 576 - INFO - 2023-10-12_10-42-00 - {"e":"aggTrade","E":1697087519983,"s":"BTCUSDT","a":2722589359,"p":"26792.21000000","q":"0.00284000","f":3236771307,"l":3236771307,"T":1697087519983,"m":true,"M":true}
2023-10-12 10:42:00,592 - 592 - INFO - program is working as expected.
2023-10-12 10:42:00,592 - 592 - INFO - 2023-10-12_10-42-00 - {"e":"aggTrade","E":1697087519985,"s":"BTCUSDT","a":2722589360,"p":"26792.21000000","q":"0.00294000","f":3236771308,"l":3236771308,"T":1697087519984,"m":true,"M":true}
2023-10-12 10:42:00,598 - 598 - INFO - program is working as expected.
2023-10-12 10:42:00,598 - 598 - INFO - 2023-10-12_10-42-00 - {"e":"aggTrade","E":1697087519985,"s":"BTCUSDT","a":2722589361,"p":"26792.22000000","q":"0.00218000","f":3236771309,"l":3236771309,"T":1697087519984,"m":false,"M":true}
2023-10-12 10:42:00,598 - 598 - INFO - program is working as expected.
2023-10-12 10:42:00,604 - 604 - INFO - 2023-10-12_10-42-00 - {"e":"aggTrade","E":1697087519986,"s":"BTCUSDT","a":2722589362,"p":"26792.21000000","q":"0.00217000","f":3236771310,"l":3236771310,"T":1697087519986,"m":true,"M":true}
2023-10-12 10:42:00,609 - 609 - INFO - program is working as expected.
2023-10-12 10:42:00,610 - 610 - INFO - 2023-10-12_10-42-00 - {"e":"aggTrade","E":1697087519987,"s":"BTCUSDT","a":2722589363,"p":"26792.22000000","q":"0.00415000","f":3236771311,"l":3236771311,"T":1697087519987,"m":false,"M":true}
2023-10-12 10:42:00,612 - 612 - INFO - program is working as expected.
2023-10-12 10:42:00,612 - 612 - INFO - 2023-10-12_10-42-00 - {"e":"aggTrade","E":1697087519989,"s":"BTCUSDT","a":2722589364,"p":"26792.21000000","q":"0.00208000","f":3236771312,"l":3236771312,"T":1697087519988,"m":true,"M":true}
2023-10-12 10:42:00,612 - 612 - INFO - program is working as expected.
2023-10-12 10:42:00,612 - 612 - INFO - 2023-10-12_10-42-00 - {"e":"aggTrade","E":1697087519992,"s":"BTCUSDT","a":2722589365,"p":"26792.21000000","q":"0.00079000","f":3236771313,"l":3236771313,"T":1697087519991,"m":true,"M":true}
2023-10-12 10:42:00,612 - 612 - INFO - program is working as expected.
2023-10-12 10:42:00,612 - 612 - INFO - 2023-10-12_10-42-00 - {"e":"aggTrade","E":1697087519992,"s":"BTCUSDT","a":2722589366,"p":"26792.22000000","q":"0.00368000","f":3236771314,"l":3236771314,"T":1697087519992,"m":false,"M":true}
2023-10-12 10:42:00,624 - 624 - INFO - program is working as expected.
2023-10-12 10:42:00,627 - 627 - INFO - 2023-10-12_10-42-00 - {"e":"aggTrade","E":1697087519992,"s":"BTCUSDT","a":2722589367,"p":"26792.22000000","q":"0.00414000","f":3236771315,"l":3236771315,"T":1697087519992,"m":false,"M":true}
2023-10-12 10:42:00,627 - 627 - INFO - program is working as expected.
2023-10-12 10:42:00,627 - 627 - INFO - 2023-10-12_10-42-00 - {"e":"aggTrade","E":1697087519993,"s":"BTCUSDT","a":2722589368,"p":"26792.22000000","q":"0.00090000","f":3236771316,"l":3236771316,"T":1697087519992,"m":false,"M":true}
2023-10-12 10:42:00,627 - 627 - INFO - program is working as expected.
2023-10-12 10:42:00,627 - 627 - INFO - 2023-10-12_10-42-00 - {"e":"aggTrade","E":1697087519996,"s":"BTCUSDT","a":2722589369,"p":"26792.22000000","q":"0.00395000","f":3236771317,"l":3236771317,"T":1697087519996,"m":false,"M":true}
2023-10-12 10:42:00,627 - 627 - INFO - program is working as expected.
2023-10-12 10:42:00,627 - 627 - INFO - 2023-10-12_10-42-00 - {"e":"aggTrade","E":1697087519997,"s":"BTCUSDT","a":2722589370,"p":"26792.22000000","q":"0.00231000","f":3236771318,"l":3236771318,"T":1697087519996,"m":false,"M":true}
2023-10-12 10:42:00,640 - 640 - INFO - program is working as expected.
2023-10-12 10:42:00,642 - 642 - INFO - 2023-10-12_10-42-00 - {"e":"aggTrade","E":1697087519998,"s":"BTCUSDT","a":2722589371,"p":"26792.22000000","q":"0.00174000","f":3236771319,"l":3236771319,"T":1697087519997,"m":false,"M":true}
2023-10-12 10:42:00,645 - 645 - INFO - program is working as expected.
2023-10-12 10:42:00,645 - 645 - INFO - 2023-10-12_10-42-00 - {"e":"aggTrade","E":1697087520003,"s":"BTCUSDT","a":2722589372,"p":"26792.22000000","q":"0.00281000","f":3236771320,"l":3236771320,"T":1697087520003,"m":false,"M":true}
2023-10-12 10:42:00,645 - 645 - INFO - program is working as expected.
2023-10-12 10:42:00,645 - 645 - INFO - 2023-10-12_10-42-00 - {"e":"aggTrade","E":1697087520004,"s":"BTCUSDT","a":2722589373,"p":"26792.21000000","q":"0.00357000","f":3236771321,"l":3236771321,"T":1697087520003,"m":true,"M":true}
2023-10-12 10:42:00,645 - 645 - INFO - program is working as expected.
2023-10-12 10:42:00,654 - 654 - INFO - 2023-10-12_10-42-00 - {"e":"aggTrade","E":1697087520006,"s":"BTCUSDT","a":2722589374,"p":"26792.21000000","q":"0.00315000","f":3236771322,"l":3236771322,"T":1697087520006,"m":true,"M":true}
2023-10-12 10:42:00,658 - 658 - INFO - program is working as expected.
2023-10-12 10:42:00,659 - 659 - INFO - 2023-10-12_10-42-00 - {"e":"aggTrade","E":1697087520007,"s":"BTCUSDT","a":2722589375,"p":"26792.22000000","q":"0.00391000","f":3236771323,"l":3236771323,"T":1697087520006,"m":false,"M":true}
2023-10-12 10:42:00,660 - 660 - INFO - program is working as expected.
2023-10-12 10:42:00,660 - 660 - INFO - 2023-10-12_10-42-00 - {"e":"aggTrade","E":1697087520007,"s":"BTCUSDT","a":2722589376,"p":"26792.21000000","q":"0.00188000","f":3236771324,"l":3236771324,"T":1697087520006,"m":true,"M":true}
2023-10-12 10:42:00,660 - 660 - INFO - program is working as expected.
2023-10-12 10:42:00,660 - 660 - INFO - 2023-10-12_10-42-00 - {"e":"aggTrade","E":1697087520007,"s":"BTCUSDT","a":2722589377,"p":"26792.22000000","q":"0.00210000","f":3236771325,"l":3236771325,"T":1697087520007,"m":false,"M":true}
2023-10-12 10:42:00,660 - 660 - INFO - program is working as expected.
2023-10-12 10:42:00,660 - 660 - INFO - 2023-10-12_10-42-00 - {"e":"aggTrade","E":1697087520008,"s":"BTCUSDT","a":2722589378,"p":"26792.21000000","q":"0.00199000","f":3236771326,"l":3236771326,"T":1697087520007,"m":true,"M":true}
2023-10-12 10:42:00,677 - 677 - INFO - program is working as expected.
2023-10-12 10:42:00,678 - 678 - INFO - 2023-10-12_10-42-00 - {"e":"aggTrade","E":1697087520008,"s":"BTCUSDT","a":2722589379,"p":"26792.22000000","q":"0.00211000","f":3236771327,"l":3236771327,"T":1697087520007,"m":false,"M":true}
2023-10-12 10:42:00,680 - 680 - INFO - program is working as expected.
2023-10-12 10:42:00,681 - 681 - INFO - 2023-10-12_10-42-00 - {"e":"aggTrade","E":1697087520008,"s":"BTCUSDT","a":2722589380,"p":"26792.22000000","q":"0.00259000","f":3236771328,"l":3236771328,"T":1697087520007,"m":false,"M":true}
2023-10-12 10:42:00,684 - 684 - INFO - program is working as expected.
2023-10-12 10:42:00,685 - 685 - INFO - 2023-10-12_10-42-00 - {"e":"aggTrade","E":1697087520009,"s":"BTCUSDT","a":2722589381,"p":"26792.22000000","q":"0.00176000","f":3236771329,"l":3236771329,"T":1697087520008,"m":false,"M":true}
2023-10-12 10:42:00,692 - 692 - INFO - program is working as expected.
2023-10-12 10:42:00,693 - 693 - INFO - 2023-10-12_10-42-00 - {"e":"aggTrade","E":1697087520009,"s":"BTCUSDT","a":2722589382,"p":"26792.22000000","q":"0.00172000","f":3236771330,"l":3236771330,"T":1697087520009,"m":false,"M":true}
2023-10-12 10:42:00,696 - 696 - INFO - program is working as expected.
2023-10-12 10:42:00,697 - 697 - INFO - 2023-10-12_10-42-00 - {"e":"aggTrade","E":1697087520012,"s":"BTCUSDT","a":2722589383,"p":"26792.21000000","q":"0.00192000","f":3236771331,"l":3236771331,"T":1697087520011,"m":true,"M":true}
2023-10-12 10:42:00,699 - 699 - INFO - program is working as expected.
2023-10-12 10:42:00,700 - 700 - INFO - 2023-10-12_10-42-00 - {"e":"aggTrade","E":1697087520012,"s":"BTCUSDT","a":2722589384,"p":"26792.21000000","q":"0.00170000","f":3236771332,"l":3236771332,"T":1697087520011,"m":true,"M":true}
2023-10-12 10:42:00,703 - 703 - INFO - program is working as expected.
2023-10-12 10:42:00,704 - 704 - INFO - 2023-10-12_10-42-00 - {"e":"aggTrade","E":1697087520016,"s":"BTCUSDT","a":2722589385,"p":"26792.21000000","q":"0.00255000","f":3236771333,"l":3236771333,"T":1697087520015,"m":true,"M":true}
2023-10-12 10:42:00,709 - 709 - INFO - program is working as expected.
2023-10-12 10:42:00,710 - 710 - INFO - 2023-10-12_10-42-00 - {"e":"aggTrade","E":1697087520016,"s":"BTCUSDT","a":2722589386,"p":"26792.21000000","q":"0.00098000","f":3236771334,"l":3236771334,"T":1697087520015,"m":true,"M":true}
2023-10-12 10:42:00,710 - 710 - INFO - program is working as expected.
2023-10-12 10:42:00,710 - 710 - INFO - 2023-10-12_10-42-00 - {"e":"aggTrade","E":1697087520016,"s":"BTCUSDT","a":2722589387,"p":"26792.22000000","q":"0.00203000","f":3236771335,"l":3236771335,"T":1697087520016,"m":false,"M":true}
2023-10-12 10:42:00,710 - 710 - INFO - program is working as expected.
2023-10-12 10:42:00,710 - 710 - INFO - 2023-10-12_10-42-00 - {"e":"aggTrade","E":1697087520019,"s":"BTCUSDT","a":2722589388,"p":"26792.22000000","q":"0.00382000","f":3236771336,"l":3236771336,"T":1697087520019,"m":false,"M":true}
2023-10-12 10:42:00,722 - 722 - INFO - program is working as expected.
2023-10-12 10:42:00,725 - 725 - INFO - 2023-10-12_10-42-00 - {"e":"aggTrade","E":1697087520028,"s":"BTCUSDT","a":2722589389,"p":"26792.21000000","q":"0.00321000","f":3236771337,"l":3236771337,"T":1697087520027,"m":true,"M":true}
2023-10-12 10:42:01,402 - 402 - INFO - program is working as expected.
2023-10-12 10:42:01,403 - 403 - INFO - 2023-10-12_10-42-01 - {"e":"aggTrade","E":1697087521125,"s":"BTCUSDT","a":2722589390,"p":"26792.22000000","q":"0.00533000","f":3236771338,"l":3236771338,"T":1697087521124,"m":false,"M":true}
2023-10-12 10:42:01,937 - 937 - INFO - program is working as expected.
2023-10-12 10:42:01,938 - 938 - INFO - 2023-10-12_10-42-01 - {"e":"aggTrade","E":1697087521654,"s":"BTCUSDT","a":2722589391,"p":"26792.21000000","q":"0.00626000","f":3236771339,"l":3236771339,"T":1697087521654,"m":true,"M":true}
2023-10-12 10:42:01,973 - 973 - INFO - program is working as expected.
2023-10-12 10:42:01,973 - 973 - INFO - 2023-10-12_10-42-01 - {"e":"aggTrade","E":1697087521696,"s":"BTCUSDT","a":2722589392,"p":"26792.22000000","q":"0.07465000","f":3236771340,"l":3236771340,"T":1697087521695,"m":false,"M":true}
2023-10-12 10:42:01,989 - 989 - INFO - program is working as expected.
2023-10-12 10:42:01,990 - 990 - INFO - 2023-10-12_10-42-01 - {"e":"aggTrade","E":1697087521709,"s":"BTCUSDT","a":2722589393,"p":"26792.21000000","q":"0.00019000","f":3236771341,"l":3236771341,"T":1697087521709,"m":true,"M":true}
2023-10-12 10:42:02,566 - 566 - INFO - program is working as expected.
2023-10-12 10:42:02,566 - 566 - INFO - 2023-10-12_10-42-02 - {"e":"aggTrade","E":1697087522289,"s":"BTCUSDT","a":2722589394,"p":"26792.22000000","q":"0.00037000","f":3236771342,"l":3236771342,"T":1697087522288,"m":false,"M":true}
2023-10-12 10:42:03,710 - 710 - INFO - program is working as expected.
2023-10-12 10:42:03,710 - 710 - INFO - 2023-10-12_10-42-03 - {"e":"aggTrade","E":1697087523439,"s":"BTCUSDT","a":2722589395,"p":"26792.22000000","q":"0.03048000","f":3236771343,"l":3236771343,"T":1697087523438,"m":false,"M":true}
2023-10-12 10:42:03,852 - 852 - INFO - program is working as expected.
2023-10-12 10:42:03,852 - 852 - INFO - 2023-10-12_10-42-03 - {"e":"aggTrade","E":1697087523570,"s":"BTCUSDT","a":2722589396,"p":"26792.21000000","q":"0.00104000","f":3236771344,"l":3236771344,"T":1697087523569,"m":true,"M":true}
2023-10-12 10:42:04,258 - 258 - INFO - program is working as expected.
2023-10-12 10:42:04,259 - 259 - INFO - 2023-10-12_10-42-04 - {"e":"aggTrade","E":1697087523970,"s":"BTCUSDT","a":2722589397,"p":"26792.21000000","q":"0.00174000","f":3236771345,"l":3236771345,"T":1697087523969,"m":true,"M":true}
2023-10-12 10:42:05,505 - 505 - INFO - program is working as expected.
2023-10-12 10:42:05,505 - 505 - INFO - 2023-10-12_10-42-05 - {"e":"aggTrade","E":1697087525200,"s":"BTCUSDT","a":2722589398,"p":"26792.21000000","q":"0.00188000","f":3236771346,"l":3236771346,"T":1697087525199,"m":true,"M":true}
2023-10-12 10:42:05,525 - 525 - INFO - program is working as expected.
2023-10-12 10:42:05,525 - 525 - INFO - 2023-10-12_10-42-05 - {"e":"aggTrade","E":1697087525230,"s":"BTCUSDT","a":2722589399,"p":"26792.22000000","q":"0.10297000","f":3236771347,"l":3236771347,"T":1697087525229,"m":false,"M":true}
2023-10-12 10:42:07,397 - 397 - INFO - program is working as expected.
2023-10-12 10:42:07,397 - 397 - INFO - 2023-10-12_10-42-07 - {"e":"aggTrade","E":1697087527124,"s":"BTCUSDT","a":2722589400,"p":"26792.21000000","q":"0.32845000","f":3236771348,"l":3236771351,"T":1697087527124,"m":true,"M":true}
2023-10-12 10:42:07,422 - 422 - INFO - program is working as expected.
2023-10-12 10:42:07,422 - 422 - INFO - 2023-10-12_10-42-07 - {"e":"aggTrade","E":1697087527142,"s":"BTCUSDT","a":2722589401,"p":"26792.21000000","q":"0.00035000","f":3236771352,"l":3236771352,"T":1697087527141,"m":true,"M":true}
2023-10-12 10:42:08,020 - 20 - INFO - program is working as expected.
2023-10-12 10:42:08,020 - 20 - INFO - 2023-10-12_10-42-08 - {"e":"aggTrade","E":1697087527752,"s":"BTCUSDT","a":2722589402,"p":"26792.22000000","q":"0.00038000","f":3236771353,"l":3236771353,"T":1697087527751,"m":false,"M":true}
2023-10-12 10:42:08,320 - 320 - INFO - program is working as expected.
2023-10-12 10:42:08,336 - 336 - INFO - 2023-10-12_10-42-08 - {"e":"aggTrade","E":1697087528046,"s":"BTCUSDT","a":2722589403,"p":"26792.22000000","q":"0.00055000","f":3236771354,"l":3236771354,"T":1697087528046,"m":false,"M":true}
2023-10-12 10:42:09,286 - 286 - INFO - program is working as expected.
2023-10-12 10:42:09,286 - 286 - INFO - 2023-10-12_10-42-09 - {"e":"aggTrade","E":1697087528998,"s":"BTCUSDT","a":2722589404,"p":"26792.22000000","q":"0.00027000","f":3236771355,"l":3236771355,"T":1697087528997,"m":false,"M":true}
2023-10-12 10:42:09,326 - 326 - INFO - program is working as expected.
2023-10-12 10:42:09,327 - 327 - INFO - 2023-10-12_10-42-09 - {"e":"aggTrade","E":1697087529048,"s":"BTCUSDT","a":2722589405,"p":"26792.21000000","q":"0.00690000","f":3236771356,"l":3236771356,"T":1697087529048,"m":true,"M":true}
2023-10-12 10:42:10,057 - 57 - INFO - program is working as expected.
2023-10-12 10:42:10,057 - 57 - INFO - 2023-10-12_10-42-10 - {"e":"aggTrade","E":1697087529765,"s":"BTCUSDT","a":2722589406,"p":"26792.21000000","q":"0.09607000","f":3236771357,"l":3236771357,"T":1697087529764,"m":true,"M":true}
2023-10-12 10:42:11,318 - 318 - INFO - program is working as expected.
2023-10-12 10:42:11,318 - 318 - INFO - 2023-10-12_10-42-11 - {"e":"aggTrade","E":1697087531041,"s":"BTCUSDT","a":2722589407,"p":"26792.21000000","q":"0.11265000","f":3236771358,"l":3236771358,"T":1697087531041,"m":true,"M":true}
2023-10-12 10:42:11,655 - 655 - INFO - program is working as expected.
2023-10-12 10:42:11,655 - 655 - INFO - 2023-10-12_10-42-11 - {"e":"aggTrade","E":1697087531379,"s":"BTCUSDT","a":2722589408,"p":"26792.21000000","q":"0.00816000","f":3236771359,"l":3236771359,"T":1697087531378,"m":true,"M":true}
2023-10-12 10:42:11,958 - 958 - INFO - program is working as expected.
2023-10-12 10:42:11,958 - 958 - INFO - 2023-10-12_10-42-11 - {"e":"aggTrade","E":1697087531679,"s":"BTCUSDT","a":2722589409,"p":"26792.21000000","q":"0.09185000","f":3236771360,"l":3236771360,"T":1697087531679,"m":true,"M":true}
2023-10-12 10:42:13,504 - 504 - INFO - program is working as expected.
2023-10-12 10:42:13,504 - 504 - INFO - 2023-10-12_10-42-13 - {"e":"aggTrade","E":1697087533232,"s":"BTCUSDT","a":2722589410,"p":"26792.21000000","q":"0.00811000","f":3236771361,"l":3236771361,"T":1697087533231,"m":true,"M":true}
2023-10-12 10:42:13,788 - 788 - INFO - program is working as expected.
2023-10-12 10:42:13,789 - 789 - INFO - 2023-10-12_10-42-13 - {"e":"aggTrade","E":1697087533509,"s":"BTCUSDT","a":2722589411,"p":"26792.21000000","q":"0.01970000","f":3236771362,"l":3236771362,"T":1697087533508,"m":true,"M":true}
2023-10-12 10:42:14,429 - 429 - INFO - program is working as expected.
2023-10-12 10:42:14,429 - 429 - INFO - 2023-10-12_10-42-14 - {"e":"aggTrade","E":1697087534155,"s":"BTCUSDT","a":2722589412,"p":"26792.22000000","q":"0.00037000","f":3236771363,"l":3236771363,"T":1697087534154,"m":false,"M":true}
2023-10-12 10:42:14,534 - 534 - INFO - program is working as expected.
2023-10-12 10:42:14,534 - 534 - INFO - 2023-10-12_10-42-14 - {"e":"aggTrade","E":1697087534266,"s":"BTCUSDT","a":2722589413,"p":"26792.21000000","q":"0.00870000","f":3236771364,"l":3236771364,"T":1697087534266,"m":true,"M":true}
2023-10-12 10:42:14,863 - 863 - INFO - program is working as expected.
2023-10-12 10:42:14,863 - 863 - INFO - 2023-10-12_10-42-14 - {"e":"aggTrade","E":1697087534587,"s":"BTCUSDT","a":2722589414,"p":"26792.22000000","q":"0.00047000","f":3236771365,"l":3236771365,"T":1697087534586,"m":false,"M":true}
2023-10-12 10:42:15,249 - 249 - INFO - program is working as expected.
2023-10-12 10:42:15,249 - 249 - INFO - 2023-10-12_10-42-15 - {"e":"aggTrade","E":1697087534971,"s":"BTCUSDT","a":2722589415,"p":"26792.21000000","q":"0.01341000","f":3236771366,"l":3236771366,"T":1697087534971,"m":true,"M":true}
2023-10-12 10:42:15,864 - 864 - INFO - program is working as expected.
2023-10-12 10:42:15,864 - 864 - INFO - 2023-10-12_10-42-15 - {"e":"aggTrade","E":1697087535594,"s":"BTCUSDT","a":2722589416,"p":"26792.22000000","q":"0.10297000","f":3236771367,"l":3236771367,"T":1697087535594,"m":false,"M":true}
2023-10-12 10:42:16,125 - 125 - INFO - program is working as expected.
2023-10-12 10:42:16,125 - 125 - INFO - 2023-10-12_10-42-16 - {"e":"aggTrade","E":1697087535840,"s":"BTCUSDT","a":2722589417,"p":"26792.21000000","q":"0.02874000","f":3236771368,"l":3236771370,"T":1697087535839,"m":true,"M":true}
2023-10-12 10:42:16,879 - 879 - INFO - program is working as expected.
2023-10-12 10:42:16,879 - 879 - INFO - 2023-10-12_10-42-16 - {"e":"aggTrade","E":1697087536612,"s":"BTCUSDT","a":2722589418,"p":"26792.21000000","q":"0.00133000","f":3236771371,"l":3236771371,"T":1697087536612,"m":true,"M":true}
2023-10-12 10:42:17,335 - 335 - INFO - program is working as expected.
2023-10-12 10:42:17,335 - 335 - INFO - 2023-10-12_10-42-17 - {"e":"aggTrade","E":1697087537067,"s":"BTCUSDT","a":2722589419,"p":"26792.21000000","q":"0.03710000","f":3236771372,"l":3236771372,"T":1697087537066,"m":true,"M":true}
2023-10-12 10:42:19,450 - 450 - INFO - program is working as expected.
2023-10-12 10:42:19,450 - 450 - INFO - 2023-10-12_10-42-19 - {"e":"aggTrade","E":1697087538412,"s":"BTCUSDT","a":2722589420,"p":"26792.21000000","q":"0.00112000","f":3236771373,"l":3236771373,"T":1697087538411,"m":true,"M":true}
2023-10-12 10:42:19,450 - 450 - INFO - program is working as expected.
2023-10-12 10:42:19,450 - 450 - INFO - 2023-10-12_10-42-19 - {"e":"aggTrade","E":1697087538645,"s":"BTCUSDT","a":2722589421,"p":"26792.21000000","q":"0.06135000","f":3236771374,"l":3236771376,"T":1697087538644,"m":true,"M":true}
2023-10-12 10:42:20,347 - 347 - INFO - program is working as expected.
2023-10-12 10:42:20,347 - 347 - INFO - 2023-10-12_10-42-20 - {"e":"aggTrade","E":1697087540054,"s":"BTCUSDT","a":2722589422,"p":"26792.22000000","q":"0.00059000","f":3236771377,"l":3236771377,"T":1697087540053,"m":false,"M":true}
2023-10-12 10:42:20,703 - 703 - INFO - program is working as expected.
2023-10-12 10:42:20,703 - 703 - INFO - 2023-10-12_10-42-20 - {"e":"aggTrade","E":1697087540355,"s":"BTCUSDT","a":2722589423,"p":"26792.21000000","q":"0.00173000","f":3236771378,"l":3236771378,"T":1697087540354,"m":true,"M":true}
2023-10-12 10:42:21,221 - 221 - INFO - program is working as expected.
2023-10-12 10:42:21,221 - 221 - INFO - 2023-10-12_10-42-21 - {"e":"aggTrade","E":1697087540778,"s":"BTCUSDT","a":2722589424,"p":"26792.22000000","q":"0.06999000","f":3236771379,"l":3236771379,"T":1697087540778,"m":false,"M":true}
2023-10-12 10:42:21,250 - 250 - INFO - program is working as expected.
2023-10-12 10:42:21,250 - 250 - INFO - 2023-10-12_10-42-21 - {"e":"aggTrade","E":1697087540970,"s":"BTCUSDT","a":2722589425,"p":"26792.21000000","q":"0.00376000","f":3236771380,"l":3236771380,"T":1697087540969,"m":true,"M":true}
2023-10-12 10:42:21,540 - 540 - INFO - program is working as expected.
2023-10-12 10:42:21,541 - 541 - INFO - 2023-10-12_10-42-21 - {"e":"aggTrade","E":1697087541261,"s":"BTCUSDT","a":2722589426,"p":"26792.22000000","q":"0.06999000","f":3236771381,"l":3236771381,"T":1697087541260,"m":false,"M":true}
2023-10-12 10:42:22,036 - 36 - INFO - program is working as expected.
2023-10-12 10:42:22,036 - 36 - INFO - 2023-10-12_10-42-22 - {"e":"aggTrade","E":1697087541759,"s":"BTCUSDT","a":2722589427,"p":"26792.22000000","q":"0.06999000","f":3236771382,"l":3236771382,"T":1697087541759,"m":false,"M":true}
2023-10-12 10:42:22,456 - 456 - INFO - program is working as expected.
2023-10-12 10:42:22,456 - 456 - INFO - 2023-10-12_10-42-22 - {"e":"aggTrade","E":1697087542179,"s":"BTCUSDT","a":2722589428,"p":"26792.21000000","q":"0.00047000","f":3236771383,"l":3236771383,"T":1697087542178,"m":true,"M":true}
2023-10-12 10:42:22,554 - 554 - INFO - program is working as expected.
2023-10-12 10:42:22,555 - 555 - INFO - 2023-10-12_10-42-22 - {"e":"aggTrade","E":1697087542262,"s":"BTCUSDT","a":2722589429,"p":"26792.22000000","q":"0.06999000","f":3236771384,"l":3236771384,"T":1697087542261,"m":false,"M":true}
2023-10-12 10:42:22,845 - 845 - INFO - program is working as expected.
2023-10-12 10:42:22,845 - 845 - INFO - 2023-10-12_10-42-22 - {"e":"aggTrade","E":1697087542579,"s":"BTCUSDT","a":2722589430,"p":"26792.21000000","q":"0.00513000","f":3236771385,"l":3236771385,"T":1697087542579,"m":true,"M":true}
2023-10-12 10:42:22,918 - 918 - INFO - program is working as expected.
2023-10-12 10:42:22,918 - 918 - INFO - 2023-10-12_10-42-22 - {"e":"aggTrade","E":1697087542638,"s":"BTCUSDT","a":2722589431,"p":"26792.21000000","q":"0.00318000","f":3236771386,"l":3236771386,"T":1697087542637,"m":true,"M":true}
2023-10-12 10:42:23,043 - 43 - INFO - program is working as expected.
