2023-11-15_13-07-14-+0000 {"e":"aggTrade","E":1700053633507,"a":387321932,"s":"XRPUSDT","p":"0.6386","q":"7498.5","f":1317915650,"l":1317915650,"T":1700053633355,"m":true}
2023-11-15_13-07-15-+0000 {"e":"aggTrade","E":1700053634198,"a":387321933,"s":"XRPUSDT","p":"0.6387","q":"43.7","f":1317915651,"l":1317915652,"T":1700053634046,"m":false}
2023-11-15_13-07-15-+0000 {"e":"aggTrade","E":1700053634569,"a":387321934,"s":"XRPUSDT","p":"0.6386","q":"169.3","f":1317915653,"l":1317915653,"T":1700053634417,"m":true}
2023-11-15_13-07-16-+0000 {"e":"aggTrade","E":1700053635440,"a":387321935,"s":"XRPUSDT","p":"0.6386","q":"61.7","f":1317915654,"l":1317915654,"T":1700053635287,"m":true}
2023-11-15_13-07-16-+0000 {"e":"aggTrade","E":1700053635801,"a":387321936,"s":"XRPUSDT","p":"0.6387","q":"9.1","f":1317915655,"l":1317915655,"T":1700053635649,"m":false}
2023-11-15_13-07-17-+0000 {"e":"aggTrade","E":1700053636208,"a":387321937,"s":"XRPUSDT","p":"0.6387","q":"498.6","f":1317915656,"l":1317915658,"T":1700053636056,"m":false}
2023-11-15_13-07-17-+0000 {"e":"aggTrade","E":1700053636606,"a":387321938,"s":"XRPUSDT","p":"0.6386","q":"2494.1","f":1317915659,"l":1317915665,"T":1700053636454,"m":true}
2023-11-15_13-07-19-+0000 {"e":"aggTrade","E":1700053638631,"a":387321939,"s":"XRPUSDT","p":"0.6387","q":"244.5","f":1317915666,"l":1317915670,"T":1700053638478,"m":false}
2023-11-15_13-07-19-+0000 {"e":"aggTrade","E":1700053639015,"a":387321940,"s":"XRPUSDT","p":"0.6387","q":"924.3","f":1317915671,"l":1317915674,"T":1700053638863,"m":false}
2023-11-15_13-07-20-+0000 {"e":"aggTrade","E":1700053639855,"a":387321941,"s":"XRPUSDT","p":"0.6387","q":"4865.5","f":1317915675,"l":1317915679,"T":1700053639701,"m":false}
2023-11-15_13-07-20-+0000 {"e":"aggTrade","E":1700053640030,"a":387321942,"s":"XRPUSDT","p":"0.6387","q":"1352.2","f":1317915680,"l":1317915684,"T":1700053639877,"m":false}
2023-11-15_13-07-21-+0000 {"e":"aggTrade","E":1700053641044,"a":387321943,"s":"XRPUSDT","p":"0.6387","q":"16.9","f":1317915685,"l":1317915685,"T":1700053640892,"m":true}
2023-11-15_13-07-23-+0000 {"e":"aggTrade","E":1700053643098,"a":387321944,"s":"XRPUSDT","p":"0.6387","q":"13540.3","f":1317915686,"l":1317915693,"T":1700053642946,"m":true}
2023-11-15_13-07-24-+0000 {"e":"aggTrade","E":1700053643255,"a":387321945,"s":"XRPUSDT","p":"0.6388","q":"15646.5","f":1317915694,"l":1317915707,"T":1700053643103,"m":false}
2023-11-15_13-07-24-+0000 {"e":"aggTrade","E":1700053643636,"a":387321946,"s":"XRPUSDT","p":"0.6387","q":"144.4","f":1317915708,"l":1317915708,"T":1700053643483,"m":true}
2023-11-15_13-07-25-+0000 {"e":"aggTrade","E":1700053645043,"a":1916834741,"s":"BTCUSDT","p":"36220.90","q":"0.486","f":4291584369,"l":4291584371,"T":1700053644917,"m":true}
2023-11-15_13-07-25-+0000 {"e":"aggTrade","E":1700053645042,"a":387321947,"s":"XRPUSDT","p":"0.6387","q":"24167.0","f":1317915709,"l":1317915714,"T":1700053644888,"m":true}
2023-11-15_13-07-26-+0000 {"e":"aggTrade","E":1700053645589,"a":387321948,"s":"XRPUSDT","p":"0.6387","q":"12.0","f":1317915715,"l":1317915715,"T":1700053645436,"m":false}
2023-11-15_13-07-27-+0000 {"e":"aggTrade","E":1700053646313,"a":387321949,"s":"XRPUSDT","p":"0.6386","q":"15.7","f":1317915716,"l":1317915716,"T":1700053646161,"m":true}
2023-11-15_13-07-27-+0000 {"e":"aggTrade","E":1700053646638,"a":387321950,"s":"XRPUSDT","p":"0.6387","q":"469.7","f":1317915717,"l":1317915717,"T":1700053646486,"m":false}
