2023-10-19_17-03-58 - {"e":"aggTrade","E":1697715237337,"s":"BTCUSDT","a":2729384324,"p":"28420.28000000","q":"0.00155000","f":3245216766,"l":3245216766,"T":1697715237336,"m":false,"M":true}
2023-10-19_17-04-00 - {"result":null,"id":1}
2023-10-19_17-04-02 - {"e":"aggTrade","E":1697715237542,"s":"BTCUSDT","a":2729384325,"p":"28420.27000000","q":"0.00030000","f":3245216767,"l":3245216767,"T":1697715237542,"m":true,"M":true}
2023-10-19_17-04-04 - {"e":"aggTrade","E":1697715238116,"s":"BTCUSDT","a":2729384326,"p":"28420.27000000","q":"0.00051000","f":3245216768,"l":3245216768,"T":1697715238115,"m":true,"M":true}
2023-10-19_17-04-06 - {"e":"aggTrade","E":1697715239328,"s":"BTCUSDT","a":2729384327,"p":"28420.27000000","q":"0.08457000","f":3245216769,"l":3245216769,"T":1697715239328,"m":true,"M":true}
2023-10-19_17-04-08 - {"e":"aggTrade","E":1697715239609,"s":"BTCUSDT","a":2729384328,"p":"28420.28000000","q":"0.45307000","f":3245216770,"l":3245216774,"T":1697715239608,"m":false,"M":true}
2023-10-19_17-04-10 - {"e":"aggTrade","E":1697715239609,"s":"BTCUSDT","a":2729384329,"p":"28420.28000000","q":"0.17638000","f":3245216775,"l":3245216776,"T":1697715239608,"m":false,"M":true}
2023-10-19_17-04-12 - {"e":"aggTrade","E":1697715239609,"s":"BTCUSDT","a":2729384330,"p":"28420.28000000","q":"0.43647000","f":3245216777,"l":3245216786,"T":1697715239608,"m":false,"M":true}
2023-10-19_17-04-14 - {"e":"aggTrade","E":1697715239609,"s":"BTCUSDT","a":2729384331,"p":"28420.35000000","q":"0.00230000","f":3245216787,"l":3245216787,"T":1697715239608,"m":false,"M":true}
2023-10-19_17-04-16 - {"e":"aggTrade","E":1697715239609,"s":"BTCUSDT","a":2729384332,"p":"28420.40000000","q":"0.00033000","f":3245216788,"l":3245216788,"T":1697715239608,"m":false,"M":true}
2023-10-19_17-04-18 - {"e":"aggTrade","E":1697715239609,"s":"BTCUSDT","a":2729384333,"p":"28420.43000000","q":"0.00025000","f":3245216789,"l":3245216789,"T":1697715239608,"m":false,"M":true}
2023-10-19_17-04-20 - {"e":"aggTrade","E":1697715239609,"s":"BTCUSDT","a":2729384334,"p":"28420.52000000","q":"0.00033000","f":3245216790,"l":3245216790,"T":1697715239608,"m":false,"M":true}
2023-10-19_17-04-22 - {"e":"aggTrade","E":1697715239609,"s":"BTCUSDT","a":2729384335,"p":"28420.55000000","q":"0.04102000","f":3245216791,"l":3245216792,"T":1697715239608,"m":false,"M":true}
2023-10-19_17-04-24 - {"e":"aggTrade","E":1697715239609,"s":"BTCUSDT","a":2729384336,"p":"28420.63000000","q":"0.00150000","f":3245216793,"l":3245216793,"T":1697715239608,"m":false,"M":true}
2023-10-19_17-04-26 - {"e":"aggTrade","E":1697715239609,"s":"BTCUSDT","a":2729384337,"p":"28420.64000000","q":"0.00033000","f":3245216794,"l":3245216794,"T":1697715239608,"m":false,"M":true}
2023-10-19_17-04-28 - {"e":"aggTrade","E":1697715239609,"s":"BTCUSDT","a":2729384338,"p":"28420.76000000","q":"0.00033000","f":3245216795,"l":3245216795,"T":1697715239608,"m":false,"M":true}
2023-10-19_17-04-30 - {"e":"aggTrade","E":1697715239609,"s":"BTCUSDT","a":2729384339,"p":"28420.88000000","q":"0.00033000","f":3245216796,"l":3245216796,"T":1697715239608,"m":false,"M":true}
2023-10-19_17-04-32 - {"e":"aggTrade","E":1697715239609,"s":"BTCUSDT","a":2729384340,"p":"28420.89000000","q":"0.00035000","f":3245216797,"l":3245216797,"T":1697715239608,"m":false,"M":true}
2023-10-19_17-04-34 - {"e":"aggTrade","E":1697715239609,"s":"BTCUSDT","a":2729384341,"p":"28420.90000000","q":"0.00022000","f":3245216798,"l":3245216798,"T":1697715239608,"m":false,"M":true}
2023-10-19_17-04-36 - {"e":"aggTrade","E":1697715239609,"s":"BTCUSDT","a":2729384342,"p":"28420.93000000","q":"0.00150000","f":3245216799,"l":3245216799,"T":1697715239608,"m":false,"M":true}
2023-10-19_17-04-38 - {"e":"aggTrade","E":1697715239609,"s":"BTCUSDT","a":2729384343,"p":"28421.00000000","q":"0.00033000","f":3245216800,"l":3245216800,"T":1697715239608,"m":false,"M":true}
2023-10-19_17-04-40 - {"e":"aggTrade","E":1697715239609,"s":"BTCUSDT","a":2729384344,"p":"28421.12000000","q":"0.00033000","f":3245216801,"l":3245216801,"T":1697715239608,"m":false,"M":true}
2023-10-19_17-04-42 - {"e":"aggTrade","E":1697715239609,"s":"BTCUSDT","a":2729384345,"p":"28421.23000000","q":"0.00150000","f":3245216802,"l":3245216802,"T":1697715239608,"m":false,"M":true}
2023-10-19_17-04-44 - {"e":"aggTrade","E":1697715239609,"s":"BTCUSDT","a":2729384346,"p":"28421.26000000","q":"0.00022000","f":3245216803,"l":3245216803,"T":1697715239608,"m":false,"M":true}
2023-10-19_17-04-46 - {"e":"aggTrade","E":1697715239609,"s":"BTCUSDT","a":2729384347,"p":"28421.33000000","q":"0.08000000","f":3245216804,"l":3245216805,"T":1697715239608,"m":false,"M":true}
2023-10-19_17-04-48 - {"e":"aggTrade","E":1697715239609,"s":"BTCUSDT","a":2729384348,"p":"28421.43000000","q":"0.32000000","f":3245216806,"l":3245216806,"T":1697715239608,"m":false,"M":true}
2023-10-19_17-04-50 - {"e":"aggTrade","E":1697715239609,"s":"BTCUSDT","a":2729384349,"p":"28421.53000000","q":"0.00150000","f":3245216807,"l":3245216807,"T":1697715239608,"m":false,"M":true}
2023-10-19_17-04-52 - {"e":"aggTrade","E":1697715239609,"s":"BTCUSDT","a":2729384350,"p":"28421.62000000","q":"0.00022000","f":3245216808,"l":3245216808,"T":1697715239608,"m":false,"M":true}
2023-10-19_17-04-54 - {"e":"aggTrade","E":1697715239609,"s":"BTCUSDT","a":2729384351,"p":"28421.75000000","q":"0.00040000","f":3245216809,"l":3245216809,"T":1697715239608,"m":false,"M":true}
2023-10-19_17-04-56 - {"e":"aggTrade","E":1697715239609,"s":"BTCUSDT","a":2729384352,"p":"28421.83000000","q":"0.00150000","f":3245216810,"l":3245216810,"T":1697715239608,"m":false,"M":true}
2023-10-19_17-04-58 - {"e":"aggTrade","E":1697715239610,"s":"BTCUSDT","a":2729384353,"p":"28421.98000000","q":"0.00022000","f":3245216811,"l":3245216811,"T":1697715239608,"m":false,"M":true}
2023-10-19_17-05-00 - {"e":"aggTrade","E":1697715239610,"s":"BTCUSDT","a":2729384354,"p":"28422.13000000","q":"0.38674000","f":3245216812,"l":3245216813,"T":1697715239608,"m":false,"M":true}
2023-10-19_17-05-02 - {"e":"aggTrade","E":1697715239610,"s":"BTCUSDT","a":2729384355,"p":"28422.14000000","q":"0.07039000","f":3245216814,"l":3245216814,"T":1697715239608,"m":false,"M":true}
