2023-11-15_13-08-31-+0000 {"e":"aggTrade","E":1700053710434,"a":1421458384,"s":"ETHUSDT","p":"2017.30","q":"24.784","f":3361695087,"l":3361695090,"T":1700053710281,"m":false}
2023-11-15_13-08-31-+0000 {"e":"aggTrade","E":1700053710684,"a":1421458385,"s":"ETHUSDT","p":"2017.29","q":"2.848","f":3361695091,"l":3361695100,"T":1700053710682,"m":true}
2023-11-15_13-08-31-+0000 {"e":"aggTrade","E":1700053710684,"a":1421458386,"s":"ETHUSDT","p":"2017.28","q":"0.010","f":3361695101,"l":3361695101,"T":1700053710682,"m":true}
2023-11-15_13-08-31-+0000 {"e":"aggTrade","E":1700053710835,"a":1421458387,"s":"ETHUSDT","p":"2017.25","q":"2.246","f":3361695102,"l":3361695102,"T":1700053710682,"m":true}
2023-11-15_13-08-31-+0000 {"e":"aggTrade","E":1700053710958,"a":1421458388,"s":"ETHUSDT","p":"2017.25","q":"3.127","f":3361695103,"l":3361695106,"T":1700053710956,"m":true}
2023-11-15_13-08-31-+0000 {"e":"aggTrade","E":1700053711005,"a":1421458389,"s":"ETHUSDT","p":"2017.24","q":"0.137","f":3361695107,"l":3361695109,"T":1700053710956,"m":true}
2023-11-15_13-08-32-+0000 {"e":"aggTrade","E":1700053711138,"a":1421458390,"s":"ETHUSDT","p":"2017.21","q":"0.235","f":3361695110,"l":3361695111,"T":1700053711002,"m":true}
2023-11-15_13-08-32-+0000 {"e":"aggTrade","E":1700053711138,"a":1421458391,"s":"ETHUSDT","p":"2017.21","q":"0.270","f":3361695112,"l":3361695114,"T":1700053711135,"m":true}
2023-11-15_13-08-32-+0000 {"e":"aggTrade","E":1700053711138,"a":1421458392,"s":"ETHUSDT","p":"2017.20","q":"0.025","f":3361695115,"l":3361695116,"T":1700053711135,"m":true}
2023-11-15_13-08-32-+0000 {"e":"aggTrade","E":1700053711138,"a":1421458393,"s":"ETHUSDT","p":"2017.19","q":"0.433","f":3361695117,"l":3361695119,"T":1700053711136,"m":true}
2023-11-15_13-08-32-+0000 {"e":"aggTrade","E":1700053711138,"a":1421458394,"s":"ETHUSDT","p":"2017.18","q":"0.281","f":3361695120,"l":3361695121,"T":1700053711136,"m":true}
2023-11-15_13-08-32-+0000 {"e":"aggTrade","E":1700053711138,"a":1421458395,"s":"ETHUSDT","p":"2017.16","q":"0.026","f":3361695122,"l":3361695123,"T":1700053711136,"m":true}
2023-11-15_13-08-32-+0000 {"e":"aggTrade","E":1700053711289,"a":1421458396,"s":"ETHUSDT","p":"2017.12","q":"1.068","f":3361695124,"l":3361695125,"T":1700053711136,"m":true}
2023-11-15_13-08-32-+0000 {"e":"aggTrade","E":1700053711341,"a":1421458397,"s":"ETHUSDT","p":"2017.12","q":"2.442","f":3361695126,"l":3361695129,"T":1700053711339,"m":true}
2023-11-15_13-08-32-+0000 {"e":"aggTrade","E":1700053711341,"a":1421458398,"s":"ETHUSDT","p":"2017.11","q":"0.031","f":3361695130,"l":3361695131,"T":1700053711339,"m":true}
2023-11-15_13-08-32-+0000 {"e":"aggTrade","E":1700053711341,"a":1421458399,"s":"ETHUSDT","p":"2017.10","q":"0.013","f":3361695132,"l":3361695132,"T":1700053711339,"m":true}
2023-11-15_13-08-32-+0000 {"e":"aggTrade","E":1700053711341,"a":1421458400,"s":"ETHUSDT","p":"2017.08","q":"0.015","f":3361695133,"l":3361695133,"T":1700053711339,"m":true}
2023-11-15_13-08-32-+0000 {"e":"aggTrade","E":1700053711341,"a":1421458401,"s":"ETHUSDT","p":"2017.06","q":"6.787","f":3361695134,"l":3361695136,"T":1700053711339,"m":true}
2023-11-15_13-08-32-+0000 {"e":"aggTrade","E":1700053711367,"a":1421458402,"s":"ETHUSDT","p":"2017.05","q":"3.088","f":3361695137,"l":3361695137,"T":1700053711339,"m":true}
2023-11-15_13-08-32-+0000 {"e":"aggTrade","E":1700053711518,"a":1421458403,"s":"ETHUSDT","p":"2017.05","q":"0.602","f":3361695138,"l":3361695140,"T":1700053711366,"m":false}
2023-11-15_13-08-32-+0000 {"e":"aggTrade","E":1700053711589,"a":1421458404,"s":"ETHUSDT","p":"2017.04","q":"6.493","f":3361695141,"l":3361695148,"T":1700053711582,"m":true}
2023-11-15_13-08-32-+0000 {"e":"aggTrade","E":1700053711589,"a":1421458405,"s":"ETHUSDT","p":"2017.03","q":"0.011","f":3361695149,"l":3361695149,"T":1700053711587,"m":true}
2023-11-15_13-08-32-+0000 {"e":"aggTrade","E":1700053711589,"a":1421458406,"s":"ETHUSDT","p":"2017.01","q":"0.020","f":3361695150,"l":3361695150,"T":1700053711587,"m":true}
2023-11-15_13-08-32-+0000 {"e":"aggTrade","E":1700053711589,"a":1421458407,"s":"ETHUSDT","p":"2017.00","q":"1.692","f":3361695151,"l":3361695158,"T":1700053711587,"m":true}
2023-11-15_13-08-32-+0000 {"e":"aggTrade","E":1700053711589,"a":1421458408,"s":"ETHUSDT","p":"2016.99","q":"0.080","f":3361695159,"l":3361695160,"T":1700053711587,"m":true}
2023-11-15_13-08-32-+0000 {"e":"aggTrade","E":1700053711643,"a":1916835813,"s":"BTCUSDT","p":"36180.00","q":"1.326","f":4291587334,"l":4291587343,"T":1700053711606,"m":true}
2023-11-15_13-08-32-+0000 {"e":"aggTrade","E":1700053711646,"a":1421458412,"s":"ETHUSDT","p":"2016.95","q":"0.380","f":3361695166,"l":3361695166,"T":1700053711587,"m":false}
2023-11-15_13-08-32-+0000 {"e":"aggTrade","E":1700053711646,"a":1421458413,"s":"ETHUSDT","p":"2016.94","q":"0.882","f":3361695167,"l":3361695169,"T":1700053711644,"m":true}
2023-11-15_13-08-32-+0000 {"e":"aggTrade","E":1700053711797,"a":1421458414,"s":"ETHUSDT","p":"2016.92","q":"1.022","f":3361695170,"l":3361695174,"T":1700053711644,"m":true}
2023-11-15_13-08-33-+0000 {"e":"aggTrade","E":1700053712152,"a":1421458416,"s":"ETHUSDT","p":"2016.92","q":"0.064","f":3361695178,"l":3361695178,"T":1700053711999,"m":false}
2023-11-15_13-08-33-+0000 {"e":"aggTrade","E":1700053712485,"a":1421458417,"s":"ETHUSDT","p":"2016.92","q":"0.158","f":3361695179,"l":3361695179,"T":1700053712332,"m":false}
2023-11-15_13-08-33-+0000 {"e":"aggTrade","E":1700053712588,"a":1421458418,"s":"ETHUSDT","p":"2016.91","q":"3.445","f":3361695180,"l":3361695189,"T":1700053712586,"m":true}
2023-11-15_13-08-33-+0000 {"e":"aggTrade","E":1700053712592,"a":1421458421,"s":"ETHUSDT","p":"2016.88","q":"3.113","f":3361695194,"l":3361695198,"T":1700053712589,"m":true}
2023-11-15_13-08-33-+0000 {"e":"aggTrade","E":1700053712592,"a":1421458422,"s":"ETHUSDT","p":"2016.86","q":"3.759","f":3361695199,"l":3361695200,"T":1700053712589,"m":true}
2023-11-15_13-08-33-+0000 {"e":"aggTrade","E":1700053712611,"a":1916835827,"s":"BTCUSDT","p":"36179.50","q":"1.117","f":4291587394,"l":4291587397,"T":1700053712588,"m":true}
2023-11-15_13-08-33-+0000 {"e":"aggTrade","E":1700053712592,"a":1421458423,"s":"ETHUSDT","p":"2016.85","q":"0.137","f":3361695201,"l":3361695202,"T":1700053712589,"m":true}
2023-11-15_13-08-33-+0000 {"e":"aggTrade","E":1700053712611,"a":1916835828,"s":"BTCUSDT","p":"36179.40","q":"0.003","f":4291587398,"l":4291587398,"T":1700053712608,"m":true}
2023-11-15_13-08-33-+0000 {"e":"aggTrade","E":1700053712594,"a":1421458424,"s":"ETHUSDT","p":"2016.84","q":"0.015","f":3361695203,"l":3361695203,"T":1700053712589,"m":true}
2023-11-15_13-08-33-+0000 {"e":"aggTrade","E":1700053712611,"a":1916835834,"s":"BTCUSDT","p":"36178.40","q":"0.054","f":4291587406,"l":4291587410,"T":1700053712608,"m":true}
2023-11-15_13-08-33-+0000 {"e":"aggTrade","E":1700053712625,"a":1421458426,"s":"ETHUSDT","p":"2016.80","q":"2.494","f":3361695206,"l":3361695207,"T":1700053712592,"m":true}
2023-11-15_13-08-33-+0000 {"e":"aggTrade","E":1700053712611,"a":1916835835,"s":"BTCUSDT","p":"36178.20","q":"0.287","f":4291587411,"l":4291587411,"T":1700053712608,"m":true}
2023-11-15_13-08-33-+0000 {"e":"aggTrade","E":1700053712625,"a":1421458427,"s":"ETHUSDT","p":"2016.78","q":"0.277","f":3361695208,"l":3361695210,"T":1700053712623,"m":true}
2023-11-15_13-08-33-+0000 {"e":"aggTrade","E":1700053712777,"a":1421458429,"s":"ETHUSDT","p":"2016.72","q":"0.825","f":3361695214,"l":3361695216,"T":1700053712623,"m":true}
2023-11-15_13-08-33-+0000 {"e":"aggTrade","E":1700053713026,"a":1916835872,"s":"BTCUSDT","p":"36176.20","q":"0.003","f":4291587518,"l":4291587518,"T":1700053712980,"m":false}
2023-11-15_13-08-33-+0000 {"e":"aggTrade","E":1700053713026,"a":1421458430,"s":"ETHUSDT","p":"2016.71","q":"0.179","f":3361695217,"l":3361695218,"T":1700053712958,"m":false}
2023-11-15_13-08-33-+0000 {"e":"aggTrade","E":1700053713026,"a":1421458431,"s":"ETHUSDT","p":"2016.70","q":"3.128","f":3361695219,"l":3361695230,"T":1700053713024,"m":true}
2023-11-15_13-08-33-+0000 {"e":"aggTrade","E":1700053713026,"a":1421458432,"s":"ETHUSDT","p":"2016.69","q":"0.035","f":3361695231,"l":3361695233,"T":1700053713024,"m":true}
2023-11-15_13-08-33-+0000 {"e":"aggTrade","E":1700053713026,"a":1421458433,"s":"ETHUSDT","p":"2016.68","q":"0.285","f":3361695234,"l":3361695235,"T":1700053713024,"m":true}
2023-11-15_13-08-33-+0000 {"e":"aggTrade","E":1700053713026,"a":1421458434,"s":"ETHUSDT","p":"2016.67","q":"1.600","f":3361695236,"l":3361695236,"T":1700053713024,"m":true}
2023-11-15_13-08-33-+0000 {"e":"aggTrade","E":1700053713026,"a":1421458435,"s":"ETHUSDT","p":"2016.66","q":"0.704","f":3361695237,"l":3361695240,"T":1700053713024,"m":true}
2023-11-15_13-08-33-+0000 {"e":"aggTrade","E":1700053713026,"a":1421458436,"s":"ETHUSDT","p":"2016.64","q":"0.015","f":3361695241,"l":3361695241,"T":1700053713024,"m":true}
2023-11-15_13-08-33-+0000 {"e":"aggTrade","E":1700053713026,"a":1421458437,"s":"ETHUSDT","p":"2016.63","q":"3.843","f":3361695242,"l":3361695243,"T":1700053713024,"m":true}
2023-11-15_13-08-33-+0000 {"e":"aggTrade","E":1700053713026,"a":1421458438,"s":"ETHUSDT","p":"2016.62","q":"2.359","f":3361695244,"l":3361695244,"T":1700053713024,"m":true}
2023-11-15_13-08-33-+0000 {"e":"aggTrade","E":1700053713027,"a":1421458439,"s":"ETHUSDT","p":"2016.71","q":"0.743","f":3361695245,"l":3361695245,"T":1700053713024,"m":false}
2023-11-15_13-08-33-+0000 {"e":"aggTrade","E":1700053713027,"a":1421458440,"s":"ETHUSDT","p":"2016.62","q":"2.600","f":3361695246,"l":3361695247,"T":1700053713024,"m":true}
2023-11-15_13-08-33-+0000 {"e":"aggTrade","E":1700053713027,"a":1421458441,"s":"ETHUSDT","p":"2016.61","q":"0.024","f":3361695248,"l":3361695248,"T":1700053713024,"m":true}
2023-11-15_13-08-33-+0000 {"e":"aggTrade","E":1700053713027,"a":1421458442,"s":"ETHUSDT","p":"2016.60","q":"7.453","f":3361695249,"l":3361695254,"T":1700053713024,"m":true}
2023-11-15_13-08-33-+0000 {"e":"aggTrade","E":1700053713027,"a":1421458443,"s":"ETHUSDT","p":"2016.59","q":"0.015","f":3361695255,"l":3361695255,"T":1700053713024,"m":true}
2023-11-15_13-08-33-+0000 {"e":"aggTrade","E":1700053713027,"a":1421458444,"s":"ETHUSDT","p":"2016.58","q":"0.011","f":3361695256,"l":3361695256,"T":1700053713024,"m":true}
2023-11-15_13-08-34-+0000 {"e":"aggTrade","E":1700053713178,"a":1421458445,"s":"ETHUSDT","p":"2016.57","q":"0.405","f":3361695257,"l":3361695257,"T":1700053713024,"m":true}
2023-11-15_13-08-34-+0000 {"e":"aggTrade","E":1700053713282,"a":1421458446,"s":"ETHUSDT","p":"2016.57","q":"0.752","f":3361695258,"l":3361695258,"T":1700053713233,"m":true}
2023-11-15_13-08-34-+0000 {"e":"aggTrade","E":1700053713433,"a":1421458447,"s":"ETHUSDT","p":"2016.58","q":"0.039","f":3361695259,"l":3361695259,"T":1700053713280,"m":false}
2023-11-15_13-08-34-+0000 {"e":"aggTrade","E":1700053713670,"a":1421458448,"s":"ETHUSDT","p":"2016.57","q":"2.476","f":3361695260,"l":3361695261,"T":1700053713517,"m":true}
2023-11-15_13-08-34-+0000 {"e":"aggTrade","E":1700053714028,"a":1421458449,"s":"ETHUSDT","p":"2016.57","q":"2.632","f":3361695262,"l":3361695269,"T":1700053713919,"m":true}
2023-11-15_13-08-35-+0000 {"e":"aggTrade","E":1700053714179,"a":1421458450,"s":"ETHUSDT","p":"2016.57","q":"1.013","f":3361695270,"l":3361695272,"T":1700053714026,"m":true}
2023-11-15_13-08-35-+0000 {"e":"aggTrade","E":1700053714680,"a":1421458451,"s":"ETHUSDT","p":"2016.57","q":"2.083","f":3361695273,"l":3361695286,"T":1700053714528,"m":true}
2023-11-15_13-08-35-+0000 {"e":"aggTrade","E":1700053714793,"a":1421458452,"s":"ETHUSDT","p":"2016.57","q":"2.030","f":3361695287,"l":3361695294,"T":1700053714791,"m":true}
2023-11-15_13-08-35-+0000 {"e":"aggTrade","E":1700053714925,"a":1421458453,"s":"ETHUSDT","p":"2016.56","q":"0.053","f":3361695295,"l":3361695299,"T":1700053714791,"m":true}
2023-11-15_13-08-35-+0000 {"e":"aggTrade","E":1700053715076,"a":1421458454,"s":"ETHUSDT","p":"2016.56","q":"1.445","f":3361695300,"l":3361695307,"T":1700053714923,"m":true}
2023-11-15_13-08-36-+0000 {"e":"aggTrade","E":1700053715630,"a":1421458455,"s":"ETHUSDT","p":"2016.56","q":"2.099","f":3361695308,"l":3361695317,"T":1700053715477,"m":true}
2023-11-15_13-08-36-+0000 {"e":"aggTrade","E":1700053715910,"a":1421458456,"s":"ETHUSDT","p":"2016.56","q":"0.222","f":3361695318,"l":3361695318,"T":1700053715888,"m":true}
2023-11-15_13-08-36-+0000 {"e":"aggTrade","E":1700053715910,"a":1421458457,"s":"ETHUSDT","p":"2016.57","q":"78.838","f":3361695319,"l":3361695345,"T":1700053715907,"m":false}
2023-11-15_13-08-36-+0000 {"e":"aggTrade","E":1700053715910,"a":1421458459,"s":"ETHUSDT","p":"2016.60","q":"0.248","f":3361695356,"l":3361695356,"T":1700053715907,"m":false}
2023-11-15_13-08-36-+0000 {"e":"aggTrade","E":1700053715910,"a":1421458460,"s":"ETHUSDT","p":"2016.62","q":"11.998","f":3361695357,"l":3361695358,"T":1700053715907,"m":false}
2023-11-15_13-08-36-+0000 {"e":"aggTrade","E":1700053715910,"a":1421458461,"s":"ETHUSDT","p":"2016.63","q":"1.105","f":3361695359,"l":3361695359,"T":1700053715907,"m":false}
2023-11-15_13-08-36-+0000 {"e":"aggTrade","E":1700053715910,"a":1421458462,"s":"ETHUSDT","p":"2016.64","q":"0.208","f":3361695360,"l":3361695360,"T":1700053715907,"m":false}
2023-11-15_13-08-36-+0000 {"e":"aggTrade","E":1700053715910,"a":1421458463,"s":"ETHUSDT","p":"2016.66","q":"0.357","f":3361695361,"l":3361695361,"T":1700053715907,"m":false}
2023-11-15_13-08-36-+0000 {"e":"aggTrade","E":1700053715910,"a":1421458464,"s":"ETHUSDT","p":"2016.67","q":"0.332","f":3361695362,"l":3361695362,"T":1700053715907,"m":false}
2023-11-15_13-08-36-+0000 {"e":"aggTrade","E":1700053715910,"a":1421458465,"s":"ETHUSDT","p":"2016.68","q":"0.015","f":3361695363,"l":3361695363,"T":1700053715907,"m":false}
2023-11-15_13-08-36-+0000 {"e":"aggTrade","E":1700053715910,"a":1421458466,"s":"ETHUSDT","p":"2016.69","q":"2.033","f":3361695364,"l":3361695365,"T":1700053715907,"m":false}
2023-11-15_13-08-36-+0000 {"e":"aggTrade","E":1700053715910,"a":1421458467,"s":"ETHUSDT","p":"2016.70","q":"9.930","f":3361695366,"l":3361695368,"T":1700053715907,"m":false}
2023-11-15_13-08-36-+0000 {"e":"aggTrade","E":1700053715910,"a":1421458468,"s":"ETHUSDT","p":"2016.71","q":"1.105","f":3361695369,"l":3361695369,"T":1700053715907,"m":false}
2023-11-15_13-08-36-+0000 {"e":"aggTrade","E":1700053715910,"a":1421458469,"s":"ETHUSDT","p":"2016.73","q":"0.554","f":3361695370,"l":3361695370,"T":1700053715907,"m":false}
2023-11-15_13-08-36-+0000 {"e":"aggTrade","E":1700053715910,"a":1421458470,"s":"ETHUSDT","p":"2016.74","q":"6.787","f":3361695371,"l":3361695374,"T":1700053715907,"m":false}
2023-11-15_13-08-36-+0000 {"e":"aggTrade","E":1700053715910,"a":1421458471,"s":"ETHUSDT","p":"2016.76","q":"2.900","f":3361695375,"l":3361695377,"T":1700053715907,"m":false}
2023-11-15_13-08-36-+0000 {"e":"aggTrade","E":1700053715910,"a":1421458472,"s":"ETHUSDT","p":"2016.77","q":"2.593","f":3361695378,"l":3361695380,"T":1700053715907,"m":false}
2023-11-15_13-08-36-+0000 {"e":"aggTrade","E":1700053716009,"a":1421458473,"s":"ETHUSDT","p":"2016.78","q":"3.352","f":3361695381,"l":3361695396,"T":1700053715907,"m":false}
2023-11-15_13-08-36-+0000 {"e":"aggTrade","E":1700053716009,"a":1421458474,"s":"ETHUSDT","p":"2016.77","q":"18.765","f":3361695397,"l":3361695410,"T":1700053716007,"m":true}
2023-11-15_13-08-36-+0000 {"e":"aggTrade","E":1700053716009,"a":1421458475,"s":"ETHUSDT","p":"2016.76","q":"0.010","f":3361695411,"l":3361695411,"T":1700053716007,"m":true}
2023-11-15_13-08-36-+0000 {"e":"aggTrade","E":1700053716009,"a":1421458476,"s":"ETHUSDT","p":"2016.72","q":"0.950","f":3361695412,"l":3361695413,"T":1700053716007,"m":true}
2023-11-15_13-08-36-+0000 {"e":"aggTrade","E":1700053716009,"a":1421458477,"s":"ETHUSDT","p":"2016.71","q":"2.990","f":3361695414,"l":3361695414,"T":1700053716007,"m":true}
2023-11-15_13-08-36-+0000 {"e":"aggTrade","E":1700053716009,"a":1421458478,"s":"ETHUSDT","p":"2016.70","q":"0.013","f":3361695415,"l":3361695415,"T":1700053716007,"m":true}
2023-11-15_13-08-36-+0000 {"e":"aggTrade","E":1700053716009,"a":1421458479,"s":"ETHUSDT","p":"2016.69","q":"0.015","f":3361695416,"l":3361695416,"T":1700053716007,"m":true}
2023-11-15_13-08-36-+0000 {"e":"aggTrade","E":1700053716009,"a":1421458480,"s":"ETHUSDT","p":"2016.64","q":"6.975","f":3361695417,"l":3361695418,"T":1700053716007,"m":true}
2023-11-15_13-08-36-+0000 {"e":"aggTrade","E":1700053716011,"a":1421458482,"s":"ETHUSDT","p":"2016.61","q":"4.958","f":3361695420,"l":3361695420,"T":1700053716007,"m":true}
2023-11-15_13-08-36-+0000 {"e":"aggTrade","E":1700053716011,"a":1421458483,"s":"ETHUSDT","p":"2016.60","q":"0.124","f":3361695421,"l":3361695421,"T":1700053716007,"m":true}
2023-11-15_13-08-36-+0000 {"e":"aggTrade","E":1700053716011,"a":1421458484,"s":"ETHUSDT","p":"2016.59","q":"4.641","f":3361695422,"l":3361695423,"T":1700053716007,"m":true}
2023-11-15_13-08-37-+0000 {"e":"aggTrade","E":1700053716148,"a":1421458485,"s":"ETHUSDT","p":"2016.58","q":"2.786","f":3361695424,"l":3361695424,"T":1700053716007,"m":true}
2023-11-15_13-08-37-+0000 {"e":"aggTrade","E":1700053716299,"a":1421458486,"s":"ETHUSDT","p":"2016.58","q":"0.168","f":3361695425,"l":3361695425,"T":1700053716147,"m":true}
2023-11-15_13-08-37-+0000 {"e":"aggTrade","E":1700053716378,"a":1421458487,"s":"ETHUSDT","p":"2016.59","q":"0.084","f":3361695426,"l":3361695426,"T":1700053716342,"m":false}
2023-11-15_13-08-37-+0000 {"e":"aggTrade","E":1700053716529,"a":1421458488,"s":"ETHUSDT","p":"2016.58","q":"5.000","f":3361695427,"l":3361695436,"T":1700053716376,"m":true}
2023-11-15_13-08-37-+0000 {"e":"aggTrade","E":1700053716778,"a":1421458489,"s":"ETHUSDT","p":"2016.58","q":"1.698","f":3361695437,"l":3361695441,"T":1700053716625,"m":true}
2023-11-15_13-08-37-+0000 {"e":"aggTrade","E":1700053717037,"a":1421458490,"s":"ETHUSDT","p":"2016.58","q":"1.755","f":3361695442,"l":3361695442,"T":1700053716951,"m":true}
2023-11-15_13-08-38-+0000 {"e":"aggTrade","E":1700053717188,"a":1421458491,"s":"ETHUSDT","p":"2016.59","q":"0.024","f":3361695443,"l":3361695443,"T":1700053717035,"m":false}
2023-11-15_13-08-38-+0000 {"e":"aggTrade","E":1700053717404,"a":1421458492,"s":"ETHUSDT","p":"2016.58","q":"0.024","f":3361695444,"l":3361695444,"T":1700053717251,"m":true}
2023-11-15_13-08-38-+0000 {"e":"aggTrade","E":1700053717787,"a":1421458493,"s":"ETHUSDT","p":"2016.58","q":"0.326","f":3361695445,"l":3361695445,"T":1700053717635,"m":true}
2023-11-15_13-08-38-+0000 {"e":"aggTrade","E":1700053718074,"a":1421458494,"s":"ETHUSDT","p":"2016.59","q":"8.583","f":3361695446,"l":3361695459,"T":1700053718072,"m":false}
2023-11-15_13-08-39-+0000 {"e":"aggTrade","E":1700053718094,"a":1421458496,"s":"ETHUSDT","p":"2016.64","q":"0.416","f":3361695462,"l":3361695474,"T":1700053718088,"m":false}
2023-11-15_13-08-39-+0000 {"e":"aggTrade","E":1700053718094,"a":1421458497,"s":"ETHUSDT","p":"2016.66","q":"1.105","f":3361695475,"l":3361695475,"T":1700053718090,"m":false}
2023-11-15_13-08-39-+0000 {"e":"aggTrade","E":1700053718094,"a":1421458498,"s":"ETHUSDT","p":"2016.68","q":"0.015","f":3361695476,"l":3361695476,"T":1700053718090,"m":false}
2023-11-15_13-08-39-+0000 {"e":"aggTrade","E":1700053718094,"a":1421458499,"s":"ETHUSDT","p":"2016.70","q":"1.118","f":3361695477,"l":3361695478,"T":1700053718090,"m":false}
2023-11-15_13-08-39-+0000 {"e":"aggTrade","E":1700053718182,"a":1421458500,"s":"ETHUSDT","p":"2016.74","q":"0.208","f":3361695479,"l":3361695479,"T":1700053718090,"m":false}
2023-11-15_13-08-39-+0000 {"e":"aggTrade","E":1700053718182,"a":1421458501,"s":"ETHUSDT","p":"2016.79","q":"0.172","f":3361695480,"l":3361695481,"T":1700053718179,"m":false}
2023-11-15_13-08-39-+0000 {"e":"aggTrade","E":1700053718414,"a":1421458503,"s":"ETHUSDT","p":"2016.84","q":"0.385","f":3361695484,"l":3361695496,"T":1700053718261,"m":false}
2023-11-15_13-08-39-+0000 {"e":"aggTrade","E":1700053718646,"a":1421458504,"s":"ETHUSDT","p":"2016.87","q":"6.126","f":3361695497,"l":3361695499,"T":1700053718493,"m":true}
2023-11-15_13-08-39-+0000 {"e":"aggTrade","E":1700053718806,"a":1421458505,"s":"ETHUSDT","p":"2016.87","q":"0.602","f":3361695500,"l":3361695501,"T":1700053718804,"m":true}
2023-11-15_13-08-39-+0000 {"e":"aggTrade","E":1700053718815,"a":1421458506,"s":"ETHUSDT","p":"2016.79","q":"0.015","f":3361695502,"l":3361695502,"T":1700053718804,"m":true}
2023-11-15_13-08-39-+0000 {"e":"aggTrade","E":1700053718854,"a":1421458507,"s":"ETHUSDT","p":"2016.77","q":"0.020","f":3361695503,"l":3361695504,"T":1700053718814,"m":true}
2023-11-15_13-08-39-+0000 {"e":"aggTrade","E":1700053718847,"a":1916835969,"s":"BTCUSDT","p":"36180.40","q":"0.776","f":4291587837,"l":4291587839,"T":1700053718845,"m":true}
2023-11-15_13-08-39-+0000 {"e":"aggTrade","E":1700053718847,"a":1916835970,"s":"BTCUSDT","p":"36180.00","q":"2.012","f":4291587840,"l":4291587844,"T":1700053718845,"m":true}
2023-11-15_13-08-39-+0000 {"e":"aggTrade","E":1700053718854,"a":1421458508,"s":"ETHUSDT","p":"2016.75","q":"0.406","f":3361695505,"l":3361695507,"T":1700053718851,"m":true}
2023-11-15_13-08-39-+0000 {"e":"aggTrade","E":1700053718847,"a":1916835971,"s":"BTCUSDT","p":"36179.40","q":"0.003","f":4291587845,"l":4291587845,"T":1700053718845,"m":true}
2023-11-15_13-08-39-+0000 {"e":"aggTrade","E":1700053718854,"a":1421458509,"s":"ETHUSDT","p":"2016.70","q":"0.163","f":3361695508,"l":3361695509,"T":1700053718851,"m":true}
2023-11-15_13-08-39-+0000 {"e":"aggTrade","E":1700053718854,"a":1421458510,"s":"ETHUSDT","p":"2016.69","q":"0.010","f":3361695510,"l":3361695510,"T":1700053718851,"m":true}
2023-11-15_13-08-39-+0000 {"e":"aggTrade","E":1700053719074,"a":1421458514,"s":"ETHUSDT","p":"2016.59","q":"3.094","f":3361695516,"l":3361695516,"T":1700053718922,"m":true}
2023-11-15_13-08-40-+0000 {"e":"aggTrade","E":1700053719660,"a":1421458515,"s":"ETHUSDT","p":"2016.59","q":"0.945","f":3361695517,"l":3361695520,"T":1700053719508,"m":true}
2023-11-15_13-08-40-+0000 {"e":"aggTrade","E":1700053719751,"a":1421458516,"s":"ETHUSDT","p":"2016.60","q":"2.754","f":3361695521,"l":3361695521,"T":1700053719730,"m":false}
2023-11-15_13-08-40-+0000 {"e":"aggTrade","E":1700053719788,"a":1421458517,"s":"ETHUSDT","p":"2016.59","q":"5.032","f":3361695522,"l":3361695532,"T":1700053719749,"m":true}
2023-11-15_13-08-40-+0000 {"e":"aggTrade","E":1700053719789,"a":1421458518,"s":"ETHUSDT","p":"2016.58","q":"2.414","f":3361695533,"l":3361695547,"T":1700053719786,"m":true}
2023-11-15_13-08-40-+0000 {"e":"aggTrade","E":1700053719789,"a":1421458519,"s":"ETHUSDT","p":"2016.56","q":"0.512","f":3361695548,"l":3361695550,"T":1700053719786,"m":true}
2023-11-15_13-08-40-+0000 {"e":"aggTrade","E":1700053719811,"a":1421458520,"s":"ETHUSDT","p":"2016.55","q":"1.232","f":3361695551,"l":3361695552,"T":1700053719786,"m":true}
2023-11-15_13-08-40-+0000 {"e":"aggTrade","E":1700053719812,"a":1421458521,"s":"ETHUSDT","p":"2016.54","q":"3.063","f":3361695553,"l":3361695558,"T":1700053719809,"m":true}
2023-11-15_13-08-40-+0000 {"e":"aggTrade","E":1700053719963,"a":1916836015,"s":"BTCUSDT","p":"36174.70","q":"0.822","f":4291587957,"l":4291587964,"T":1700053719810,"m":false}
2023-11-15_13-08-40-+0000 {"e":"aggTrade","E":1700053719963,"a":1421458522,"s":"ETHUSDT","p":"2016.53","q":"0.079","f":3361695559,"l":3361695560,"T":1700053719809,"m":true}
2023-11-15_13-08-41-+0000 {"e":"aggTrade","E":1700053720176,"a":1421458523,"s":"ETHUSDT","p":"2016.52","q":"1.326","f":3361695561,"l":3361695564,"T":1700053720024,"m":true}
2023-11-15_13-08-41-+0000 {"e":"aggTrade","E":1700053720350,"a":1421458524,"s":"ETHUSDT","p":"2016.53","q":"0.493","f":3361695565,"l":3361695565,"T":1700053720326,"m":false}
2023-11-15_13-08-41-+0000 {"e":"aggTrade","E":1700053720489,"a":1421458525,"s":"ETHUSDT","p":"2016.52","q":"0.053","f":3361695566,"l":3361695566,"T":1700053720348,"m":true}
2023-11-15_13-08-41-+0000 {"e":"aggTrade","E":1700053720640,"a":1421458526,"s":"ETHUSDT","p":"2016.52","q":"0.092","f":3361695567,"l":3361695567,"T":1700053720488,"m":true}
2023-11-15_13-08-41-+0000 {"e":"aggTrade","E":1700053720864,"a":1421458527,"s":"ETHUSDT","p":"2016.53","q":"0.248","f":3361695568,"l":3361695568,"T":1700053720712,"m":false}
2023-11-15_13-08-42-+0000 {"e":"aggTrade","E":1700053721326,"a":1421458528,"s":"ETHUSDT","p":"2016.52","q":"2.325","f":3361695569,"l":3361695581,"T":1700053721324,"m":true}
2023-11-15_13-08-42-+0000 {"e":"aggTrade","E":1700053721326,"a":1421458529,"s":"ETHUSDT","p":"2016.51","q":"0.183","f":3361695582,"l":3361695583,"T":1700053721324,"m":true}
2023-11-15_13-08-42-+0000 {"e":"aggTrade","E":1700053721326,"a":1421458530,"s":"ETHUSDT","p":"2016.50","q":"1.952","f":3361695584,"l":3361695587,"T":1700053721324,"m":true}
2023-11-15_13-08-42-+0000 {"e":"aggTrade","E":1700053721326,"a":1421458531,"s":"ETHUSDT","p":"2016.49","q":"0.015","f":3361695588,"l":3361695588,"T":1700053721324,"m":true}
2023-11-15_13-08-42-+0000 {"e":"aggTrade","E":1700053721326,"a":1421458532,"s":"ETHUSDT","p":"2016.48","q":"4.403","f":3361695589,"l":3361695591,"T":1700053721324,"m":true}
2023-11-15_13-08-42-+0000 {"e":"aggTrade","E":1700053721433,"a":1421458534,"s":"ETHUSDT","p":"2016.48","q":"1.321","f":3361695594,"l":3361695594,"T":1700053721382,"m":false}
2023-11-15_13-08-42-+0000 {"e":"aggTrade","E":1700053721433,"a":1421458535,"s":"ETHUSDT","p":"2016.47","q":"1.909","f":3361695595,"l":3361695600,"T":1700053721431,"m":true}
2023-11-15_13-08-42-+0000 {"e":"aggTrade","E":1700053721433,"a":1421458536,"s":"ETHUSDT","p":"2016.46","q":"0.252","f":3361695601,"l":3361695602,"T":1700053721431,"m":true}
2023-11-15_13-08-42-+0000 {"e":"aggTrade","E":1700053721433,"a":1421458537,"s":"ETHUSDT","p":"2016.45","q":"2.741","f":3361695603,"l":3361695604,"T":1700053721431,"m":true}
2023-11-15_13-08-42-+0000 {"e":"aggTrade","E":1700053721433,"a":1421458538,"s":"ETHUSDT","p":"2016.44","q":"4.540","f":3361695605,"l":3361695606,"T":1700053721431,"m":true}
2023-11-15_13-08-42-+0000 {"e":"aggTrade","E":1700053721433,"a":1421458539,"s":"ETHUSDT","p":"2016.43","q":"9.857","f":3361695607,"l":3361695608,"T":1700053721431,"m":true}
2023-11-15_13-08-42-+0000 {"e":"aggTrade","E":1700053721433,"a":1421458540,"s":"ETHUSDT","p":"2016.42","q":"0.856","f":3361695609,"l":3361695610,"T":1700053721431,"m":true}
2023-11-15_13-08-42-+0000 {"e":"aggTrade","E":1700053721433,"a":1421458541,"s":"ETHUSDT","p":"2016.41","q":"0.851","f":3361695611,"l":3361695612,"T":1700053721431,"m":true}
2023-11-15_13-08-42-+0000 {"e":"aggTrade","E":1700053721560,"a":1421458542,"s":"ETHUSDT","p":"2016.40","q":"0.182","f":3361695613,"l":3361695614,"T":1700053721431,"m":true}
2023-11-15_13-08-42-+0000 {"e":"aggTrade","E":1700053721619,"a":1421458543,"s":"ETHUSDT","p":"2016.40","q":"0.030","f":3361695615,"l":3361695615,"T":1700053721559,"m":true}
2023-11-15_13-08-42-+0000 {"e":"aggTrade","E":1700053721921,"a":1421458545,"s":"ETHUSDT","p":"2016.41","q":"0.212","f":3361695620,"l":3361695620,"T":1700053721768,"m":false}
2023-11-15_13-08-43-+0000 {"e":"aggTrade","E":1700053722216,"a":1421458546,"s":"ETHUSDT","p":"2016.40","q":"0.174","f":3361695621,"l":3361695621,"T":1700053722064,"m":true}
2023-11-15_13-08-43-+0000 {"e":"aggTrade","E":1700053722610,"a":1421458547,"s":"ETHUSDT","p":"2016.41","q":"0.248","f":3361695622,"l":3361695622,"T":1700053722457,"m":false}
2023-11-15_13-08-43-+0000 {"e":"aggTrade","E":1700053723027,"a":1421458548,"s":"ETHUSDT","p":"2016.40","q":"7.661","f":3361695623,"l":3361695644,"T":1700053723025,"m":true}
2023-11-15_13-08-43-+0000 {"e":"aggTrade","E":1700053723027,"a":1421458549,"s":"ETHUSDT","p":"2016.39","q":"0.436","f":3361695645,"l":3361695648,"T":1700053723025,"m":true}
2023-11-15_13-08-43-+0000 {"e":"aggTrade","E":1700053723027,"a":1421458550,"s":"ETHUSDT","p":"2016.38","q":"0.963","f":3361695649,"l":3361695650,"T":1700053723025,"m":true}
2023-11-15_13-08-43-+0000 {"e":"aggTrade","E":1700053723028,"a":1421458551,"s":"ETHUSDT","p":"2016.36","q":"18.763","f":3361695651,"l":3361695655,"T":1700053723025,"m":true}
2023-11-15_13-08-43-+0000 {"e":"aggTrade","E":1700053723028,"a":1421458552,"s":"ETHUSDT","p":"2016.35","q":"10.850","f":3361695656,"l":3361695660,"T":1700053723025,"m":true}
2023-11-15_13-08-43-+0000 {"e":"aggTrade","E":1700053723028,"a":1421458553,"s":"ETHUSDT","p":"2016.34","q":"0.800","f":3361695661,"l":3361695662,"T":1700053723025,"m":true}
2023-11-15_13-08-43-+0000 {"e":"aggTrade","E":1700053723028,"a":1421458554,"s":"ETHUSDT","p":"2016.33","q":"24.411","f":3361695663,"l":3361695665,"T":1700053723025,"m":true}
2023-11-15_13-08-43-+0000 {"e":"aggTrade","E":1700053723028,"a":1421458555,"s":"ETHUSDT","p":"2016.32","q":"1.679","f":3361695666,"l":3361695668,"T":1700053723025,"m":true}
2023-11-15_13-08-43-+0000 {"e":"aggTrade","E":1700053723028,"a":1421458556,"s":"ETHUSDT","p":"2016.31","q":"5.366","f":3361695669,"l":3361695670,"T":1700053723025,"m":true}
2023-11-15_13-08-43-+0000 {"e":"aggTrade","E":1700053723028,"a":1421458557,"s":"ETHUSDT","p":"2016.30","q":"5.013","f":3361695671,"l":3361695673,"T":1700053723025,"m":true}
2023-11-15_13-08-43-+0000 {"e":"aggTrade","E":1700053723028,"a":1421458558,"s":"ETHUSDT","p":"2016.29","q":"5.804","f":3361695674,"l":3361695677,"T":1700053723025,"m":true}
2023-11-15_13-08-43-+0000 {"e":"aggTrade","E":1700053723028,"a":1421458559,"s":"ETHUSDT","p":"2016.28","q":"2.506","f":3361695678,"l":3361695680,"T":1700053723025,"m":true}
2023-11-15_13-08-43-+0000 {"e":"aggTrade","E":1700053723028,"a":1421458560,"s":"ETHUSDT","p":"2016.27","q":"2.360","f":3361695681,"l":3361695685,"T":1700053723025,"m":true}
2023-11-15_13-08-44-+0000 {"e":"aggTrade","E":1700053723179,"a":1421458561,"s":"ETHUSDT","p":"2016.26","q":"3.388","f":3361695686,"l":3361695687,"T":1700053723025,"m":true}
2023-11-15_13-08-44-+0000 {"e":"aggTrade","E":1700053723550,"a":1421458562,"s":"ETHUSDT","p":"2016.26","q":"1.357","f":3361695688,"l":3361695692,"T":1700053723398,"m":true}
2023-11-15_13-08-44-+0000 {"e":"aggTrade","E":1700053723967,"a":1421458563,"s":"ETHUSDT","p":"2016.26","q":"2.000","f":3361695693,"l":3361695696,"T":1700053723841,"m":true}
2023-11-15_13-08-44-+0000 {"e":"aggTrade","E":1700053723996,"a":1421458564,"s":"ETHUSDT","p":"2016.26","q":"0.031","f":3361695697,"l":3361695698,"T":1700053723966,"m":true}
2023-11-15_13-08-44-+0000 {"e":"aggTrade","E":1700053724057,"a":1421458565,"s":"ETHUSDT","p":"2016.27","q":"5.643","f":3361695699,"l":3361695713,"T":1700053723994,"m":false}
2023-11-15_13-08-44-+0000 {"e":"aggTrade","E":1700053724059,"a":1421458566,"s":"ETHUSDT","p":"2016.28","q":"0.336","f":3361695714,"l":3361695732,"T":1700053724056,"m":false}
2023-11-15_13-08-44-+0000 {"e":"aggTrade","E":1700053724100,"a":1421458567,"s":"ETHUSDT","p":"2016.30","q":"0.013","f":3361695733,"l":3361695733,"T":1700053724056,"m":false}
2023-11-15_13-08-44-+0000 {"e":"aggTrade","E":1700053724110,"a":1421458568,"s":"ETHUSDT","p":"2016.31","q":"7.588","f":3361695734,"l":3361695736,"T":1700053724099,"m":false}
2023-11-15_13-08-44-+0000 {"e":"aggTrade","E":1700053724110,"a":1421458569,"s":"ETHUSDT","p":"2016.32","q":"0.025","f":3361695737,"l":3361695739,"T":1700053724107,"m":false}
2023-11-15_13-08-44-+0000 {"e":"aggTrade","E":1700053724110,"a":1421458570,"s":"ETHUSDT","p":"2016.34","q":"0.011","f":3361695740,"l":3361695740,"T":1700053724108,"m":false}
2023-11-15_13-08-44-+0000 {"e":"aggTrade","E":1700053724119,"a":1421458571,"s":"ETHUSDT","p":"2016.36","q":"0.243","f":3361695741,"l":3361695753,"T":1700053724108,"m":false}
2023-11-15_13-08-45-+0000 {"e":"aggTrade","E":1700053724119,"a":1421458572,"s":"ETHUSDT","p":"2016.40","q":"0.026","f":3361695754,"l":3361695755,"T":1700053724117,"m":false}
2023-11-15_13-08-45-+0000 {"e":"aggTrade","E":1700053724270,"a":1421458573,"s":"ETHUSDT","p":"2016.41","q":"0.070","f":3361695756,"l":3361695756,"T":1700053724117,"m":false}
2023-11-15_13-08-45-+0000 {"e":"aggTrade","E":1700053724979,"a":1421458574,"s":"ETHUSDT","p":"2016.41","q":"0.028","f":3361695757,"l":3361695757,"T":1700053724843,"m":false}
2023-11-15_13-08-45-+0000 {"e":"aggTrade","E":1700053725130,"a":1421458575,"s":"ETHUSDT","p":"2016.40","q":"1.626","f":3361695758,"l":3361695758,"T":1700053724978,"m":true}
2023-11-15_13-08-46-+0000 {"e":"aggTrade","E":1700053725301,"a":1421458576,"s":"ETHUSDT","p":"2016.41","q":"2.479","f":3361695759,"l":3361695759,"T":1700053725218,"m":false}
2023-11-15_13-08-46-+0000 {"e":"aggTrade","E":1700053725452,"a":1421458577,"s":"ETHUSDT","p":"2016.40","q":"2.569","f":3361695760,"l":3361695761,"T":1700053725299,"m":true}
2023-11-15_13-08-46-+0000 {"e":"aggTrade","E":1700053725620,"a":1421458578,"s":"ETHUSDT","p":"2016.41","q":"3.539","f":3361695762,"l":3361695767,"T":1700053725619,"m":false}
2023-11-15_13-08-46-+0000 {"e":"aggTrade","E":1700053725642,"a":1421458579,"s":"ETHUSDT","p":"2016.42","q":"0.010","f":3361695768,"l":3361695768,"T":1700053725619,"m":false}
2023-11-15_13-08-46-+0000 {"e":"aggTrade","E":1700053725748,"a":1421458580,"s":"ETHUSDT","p":"2016.44","q":"0.015","f":3361695769,"l":3361695770,"T":1700053725641,"m":false}
2023-11-15_13-08-46-+0000 {"e":"aggTrade","E":1700053725824,"a":1421458581,"s":"ETHUSDT","p":"2016.48","q":"0.127","f":3361695771,"l":3361695773,"T":1700053725747,"m":false}
2023-11-15_13-08-46-+0000 {"e":"aggTrade","E":1700053725916,"a":1421458582,"s":"ETHUSDT","p":"2016.47","q":"0.661","f":3361695774,"l":3361695775,"T":1700053725823,"m":true}
2023-11-15_13-08-46-+0000 {"e":"aggTrade","E":1700053725916,"a":1421458583,"s":"ETHUSDT","p":"2016.48","q":"0.301","f":3361695776,"l":3361695778,"T":1700053725915,"m":false}
2023-11-15_13-08-46-+0000 {"e":"aggTrade","E":1700053726067,"a":1421458584,"s":"ETHUSDT","p":"2016.49","q":"0.111","f":3361695779,"l":3361695779,"T":1700053725915,"m":false}
2023-11-15_13-08-47-+0000 {"e":"aggTrade","E":1700053726235,"a":1421458585,"s":"ETHUSDT","p":"2016.48","q":"10.000","f":3361695780,"l":3361695783,"T":1700053726083,"m":true}
2023-11-15_13-08-47-+0000 {"e":"aggTrade","E":1700053726401,"a":1421458586,"s":"ETHUSDT","p":"2016.49","q":"0.049","f":3361695784,"l":3361695784,"T":1700053726376,"m":false}
2023-11-15_13-08-47-+0000 {"e":"aggTrade","E":1700053726490,"a":1421458587,"s":"ETHUSDT","p":"2016.48","q":"0.550","f":3361695785,"l":3361695785,"T":1700053726399,"m":true}
2023-11-15_13-08-47-+0000 {"e":"aggTrade","E":1700053726641,"a":1421458588,"s":"ETHUSDT","p":"2016.49","q":"0.401","f":3361695786,"l":3361695786,"T":1700053726489,"m":false}
