2023-11-15_13-08-31-+0000 {"e":"aggTrade","E":1700053710558,"a":1916835787,"s":"BTCUSDT","p":"36182.90","q":"0.014","f":4291587236,"l":4291587237,"T":1700053710469,"m":false}
2023-11-15_13-08-31-+0000 {"e":"aggTrade","E":1700053710709,"a":1916835788,"s":"BTCUSDT","p":"36182.80","q":"0.943","f":4291587238,"l":4291587248,"T":1700053710557,"m":true}
2023-11-15_13-08-31-+0000 {"e":"aggTrade","E":1700053710823,"a":1916835789,"s":"BTCUSDT","p":"36182.90","q":"0.013","f":4291587249,"l":4291587249,"T":1700053710723,"m":false}
2023-11-15_13-08-31-+0000 {"e":"aggTrade","E":1700053710847,"a":1916835790,"s":"BTCUSDT","p":"36182.80","q":"0.258","f":4291587250,"l":4291587255,"T":1700053710821,"m":true}
2023-11-15_13-08-31-+0000 {"e":"aggTrade","E":1700053710865,"a":1916835791,"s":"BTCUSDT","p":"36182.90","q":"0.034","f":4291587256,"l":4291587256,"T":1700053710845,"m":false}
2023-11-15_13-08-31-+0000 {"e":"aggTrade","E":1700053710865,"a":1916835792,"s":"BTCUSDT","p":"36182.80","q":"1.737","f":4291587257,"l":4291587273,"T":1700053710863,"m":true}
2023-11-15_13-08-31-+0000 {"e":"aggTrade","E":1700053710865,"a":1916835793,"s":"BTCUSDT","p":"36182.70","q":"0.003","f":4291587274,"l":4291587274,"T":1700053710863,"m":true}
2023-11-15_13-08-31-+0000 {"e":"aggTrade","E":1700053710865,"a":1916835794,"s":"BTCUSDT","p":"36182.60","q":"0.065","f":4291587275,"l":4291587275,"T":1700053710863,"m":true}
2023-11-15_13-08-31-+0000 {"e":"aggTrade","E":1700053710865,"a":1916835795,"s":"BTCUSDT","p":"36182.50","q":"0.005","f":4291587276,"l":4291587276,"T":1700053710863,"m":true}
2023-11-15_13-08-31-+0000 {"e":"aggTrade","E":1700053710865,"a":1916835796,"s":"BTCUSDT","p":"36182.40","q":"0.160","f":4291587277,"l":4291587277,"T":1700053710863,"m":true}
2023-11-15_13-08-31-+0000 {"e":"aggTrade","E":1700053710865,"a":1916835797,"s":"BTCUSDT","p":"36182.00","q":"0.010","f":4291587278,"l":4291587278,"T":1700053710863,"m":true}
2023-11-15_13-08-31-+0000 {"e":"aggTrade","E":1700053710865,"a":1916835798,"s":"BTCUSDT","p":"36181.50","q":"0.060","f":4291587279,"l":4291587281,"T":1700053710863,"m":true}
2023-11-15_13-08-31-+0000 {"e":"aggTrade","E":1700053710865,"a":1916835799,"s":"BTCUSDT","p":"36181.30","q":"0.552","f":4291587282,"l":4291587282,"T":1700053710863,"m":true}
2023-11-15_13-08-31-+0000 {"e":"aggTrade","E":1700053710865,"a":1916835800,"s":"BTCUSDT","p":"36181.20","q":"0.005","f":4291587283,"l":4291587283,"T":1700053710863,"m":true}
2023-11-15_13-08-31-+0000 {"e":"aggTrade","E":1700053710865,"a":1916835801,"s":"BTCUSDT","p":"36181.10","q":"0.003","f":4291587284,"l":4291587284,"T":1700053710863,"m":true}
2023-11-15_13-08-31-+0000 {"e":"aggTrade","E":1700053710872,"a":1916835802,"s":"BTCUSDT","p":"36181.00","q":"0.010","f":4291587285,"l":4291587285,"T":1700053710863,"m":true}
2023-11-15_13-08-31-+0000 {"e":"aggTrade","E":1700053711023,"a":1916835803,"s":"BTCUSDT","p":"36180.90","q":"0.046","f":4291587286,"l":4291587293,"T":1700053710870,"m":true}
2023-11-15_13-08-32-+0000 {"e":"aggTrade","E":1700053711384,"a":1916835804,"s":"BTCUSDT","p":"36181.00","q":"0.002","f":4291587294,"l":4291587294,"T":1700053711273,"m":false}
2023-11-15_13-08-32-+0000 {"e":"aggTrade","E":1700053711530,"a":1916835805,"s":"BTCUSDT","p":"36180.90","q":"0.055","f":4291587295,"l":4291587296,"T":1700053711382,"m":true}
2023-11-15_13-08-32-+0000 {"e":"aggTrade","E":1700053711585,"a":1916835806,"s":"BTCUSDT","p":"36180.90","q":"1.589","f":4291587297,"l":4291587315,"T":1700053711529,"m":true}
2023-11-15_13-08-32-+0000 {"e":"aggTrade","E":1700053711585,"a":1916835807,"s":"BTCUSDT","p":"36180.80","q":"0.003","f":4291587316,"l":4291587316,"T":1700053711582,"m":true}
2023-11-15_13-08-32-+0000 {"e":"aggTrade","E":1700053711589,"a":1421458409,"s":"ETHUSDT","p":"2016.97","q":"0.419","f":3361695161,"l":3361695161,"T":1700053711587,"m":true}
2023-11-15_13-08-32-+0000 {"e":"aggTrade","E":1700053711608,"a":1916835808,"s":"BTCUSDT","p":"36180.70","q":"1.708","f":4291587317,"l":4291587321,"T":1700053711582,"m":true}
2023-11-15_13-08-32-+0000 {"e":"aggTrade","E":1700053711589,"a":1421458410,"s":"ETHUSDT","p":"2016.96","q":"0.034","f":3361695162,"l":3361695163,"T":1700053711587,"m":true}
2023-11-15_13-08-32-+0000 {"e":"aggTrade","E":1700053711608,"a":1916835809,"s":"BTCUSDT","p":"36180.60","q":"0.172","f":4291587322,"l":4291587328,"T":1700053711606,"m":true}
2023-11-15_13-08-32-+0000 {"e":"aggTrade","E":1700053711590,"a":1421458411,"s":"ETHUSDT","p":"2016.95","q":"8.746","f":3361695164,"l":3361695165,"T":1700053711587,"m":true}
2023-11-15_13-08-32-+0000 {"e":"aggTrade","E":1700053711609,"a":1916835810,"s":"BTCUSDT","p":"36180.40","q":"0.024","f":4291587329,"l":4291587330,"T":1700053711606,"m":true}
2023-11-15_13-08-32-+0000 {"e":"aggTrade","E":1700053711609,"a":1916835811,"s":"BTCUSDT","p":"36180.20","q":"0.186","f":4291587331,"l":4291587332,"T":1700053711606,"m":true}
2023-11-15_13-08-32-+0000 {"e":"aggTrade","E":1700053711609,"a":1916835812,"s":"BTCUSDT","p":"36180.10","q":"0.056","f":4291587333,"l":4291587333,"T":1700053711606,"m":true}
2023-11-15_13-08-32-+0000 {"e":"aggTrade","E":1700053711754,"a":1916835814,"s":"BTCUSDT","p":"36180.10","q":"0.009","f":4291587344,"l":4291587345,"T":1700053711641,"m":false}
2023-11-15_13-08-32-+0000 {"e":"aggTrade","E":1700053711854,"a":1916835815,"s":"BTCUSDT","p":"36180.00","q":"0.125","f":4291587346,"l":4291587353,"T":1700053711752,"m":true}
2023-11-15_13-08-32-+0000 {"e":"aggTrade","E":1700053712000,"a":1421458415,"s":"ETHUSDT","p":"2016.92","q":"0.970","f":3361695175,"l":3361695177,"T":1700053711962,"m":true}
2023-11-15_13-08-32-+0000 {"e":"aggTrade","E":1700053712005,"a":1916835816,"s":"BTCUSDT","p":"36180.00","q":"0.005","f":4291587354,"l":4291587354,"T":1700053711853,"m":true}
2023-11-15_13-08-33-+0000 {"e":"aggTrade","E":1700053712269,"a":1916835817,"s":"BTCUSDT","p":"36180.00","q":"0.003","f":4291587355,"l":4291587355,"T":1700053712116,"m":true}
2023-11-15_13-08-33-+0000 {"e":"aggTrade","E":1700053712426,"a":1916835818,"s":"BTCUSDT","p":"36180.00","q":"0.008","f":4291587356,"l":4291587357,"T":1700053712273,"m":true}
2023-11-15_13-08-33-+0000 {"e":"aggTrade","E":1700053712444,"a":1916835819,"s":"BTCUSDT","p":"36180.00","q":"0.003","f":4291587358,"l":4291587358,"T":1700053712437,"m":true}
2023-11-15_13-08-33-+0000 {"e":"aggTrade","E":1700053712470,"a":1916835820,"s":"BTCUSDT","p":"36180.10","q":"0.015","f":4291587359,"l":4291587359,"T":1700053712443,"m":false}
2023-11-15_13-08-33-+0000 {"e":"aggTrade","E":1700053712584,"a":1916835821,"s":"BTCUSDT","p":"36180.00","q":"0.851","f":4291587360,"l":4291587368,"T":1700053712468,"m":true}
2023-11-15_13-08-33-+0000 {"e":"aggTrade","E":1700053712589,"a":1421458419,"s":"ETHUSDT","p":"2016.90","q":"0.043","f":3361695190,"l":3361695192,"T":1700053712586,"m":true}
2023-11-15_13-08-33-+0000 {"e":"aggTrade","E":1700053712590,"a":1916835822,"s":"BTCUSDT","p":"36180.10","q":"0.006","f":4291587369,"l":4291587369,"T":1700053712582,"m":false}
2023-11-15_13-08-33-+0000 {"e":"aggTrade","E":1700053712591,"a":1916835823,"s":"BTCUSDT","p":"36180.00","q":"1.829","f":4291587370,"l":4291587387,"T":1700053712587,"m":true}
2023-11-15_13-08-33-+0000 {"e":"aggTrade","E":1700053712591,"a":1916835824,"s":"BTCUSDT","p":"36179.90","q":"0.006","f":4291587388,"l":4291587389,"T":1700053712588,"m":true}
2023-11-15_13-08-33-+0000 {"e":"aggTrade","E":1700053712591,"a":1916835825,"s":"BTCUSDT","p":"36179.80","q":"0.009","f":4291587390,"l":4291587390,"T":1700053712588,"m":true}
2023-11-15_13-08-33-+0000 {"e":"aggTrade","E":1700053712592,"a":1421458420,"s":"ETHUSDT","p":"2016.89","q":"0.015","f":3361695193,"l":3361695193,"T":1700053712586,"m":true}
2023-11-15_13-08-33-+0000 {"e":"aggTrade","E":1700053712591,"a":1916835826,"s":"BTCUSDT","p":"36179.60","q":"0.237","f":4291587391,"l":4291587393,"T":1700053712588,"m":true}
2023-11-15_13-08-33-+0000 {"e":"aggTrade","E":1700053712611,"a":1916835829,"s":"BTCUSDT","p":"36179.00","q":"0.010","f":4291587399,"l":4291587399,"T":1700053712608,"m":true}
2023-11-15_13-08-33-+0000 {"e":"aggTrade","E":1700053712594,"a":1421458425,"s":"ETHUSDT","p":"2016.81","q":"1.187","f":3361695204,"l":3361695205,"T":1700053712592,"m":true}
2023-11-15_13-08-33-+0000 {"e":"aggTrade","E":1700053712611,"a":1916835830,"s":"BTCUSDT","p":"36178.90","q":"0.005","f":4291587400,"l":4291587400,"T":1700053712608,"m":true}
2023-11-15_13-08-33-+0000 {"e":"aggTrade","E":1700053712611,"a":1916835831,"s":"BTCUSDT","p":"36178.80","q":"0.109","f":4291587401,"l":4291587402,"T":1700053712608,"m":true}
2023-11-15_13-08-33-+0000 {"e":"aggTrade","E":1700053712611,"a":1916835832,"s":"BTCUSDT","p":"36178.70","q":"0.035","f":4291587403,"l":4291587403,"T":1700053712608,"m":true}
2023-11-15_13-08-33-+0000 {"e":"aggTrade","E":1700053712611,"a":1916835833,"s":"BTCUSDT","p":"36178.50","q":"0.014","f":4291587404,"l":4291587405,"T":1700053712608,"m":true}
2023-11-15_13-08-33-+0000 {"e":"aggTrade","E":1700053712611,"a":1916835836,"s":"BTCUSDT","p":"36178.10","q":"0.003","f":4291587412,"l":4291587412,"T":1700053712608,"m":true}
2023-11-15_13-08-33-+0000 {"e":"aggTrade","E":1700053712625,"a":1421458428,"s":"ETHUSDT","p":"2016.76","q":"0.063","f":3361695211,"l":3361695213,"T":1700053712623,"m":true}
2023-11-15_13-08-33-+0000 {"e":"aggTrade","E":1700053712611,"a":1916835837,"s":"BTCUSDT","p":"36178.00","q":"1.900","f":4291587413,"l":4291587416,"T":1700053712608,"m":true}
2023-11-15_13-08-33-+0000 {"e":"aggTrade","E":1700053712611,"a":1916835838,"s":"BTCUSDT","p":"36177.80","q":"0.200","f":4291587417,"l":4291587417,"T":1700053712608,"m":true}
2023-11-15_13-08-33-+0000 {"e":"aggTrade","E":1700053712611,"a":1916835839,"s":"BTCUSDT","p":"36177.70","q":"0.088","f":4291587418,"l":4291587420,"T":1700053712608,"m":true}
2023-11-15_13-08-33-+0000 {"e":"aggTrade","E":1700053712611,"a":1916835840,"s":"BTCUSDT","p":"36177.50","q":"0.024","f":4291587421,"l":4291587425,"T":1700053712608,"m":true}
2023-11-15_13-08-33-+0000 {"e":"aggTrade","E":1700053712611,"a":1916835841,"s":"BTCUSDT","p":"36177.20","q":"0.443","f":4291587426,"l":4291587429,"T":1700053712608,"m":true}
2023-11-15_13-08-33-+0000 {"e":"aggTrade","E":1700053712611,"a":1916835842,"s":"BTCUSDT","p":"36177.10","q":"0.652","f":4291587430,"l":4291587431,"T":1700053712608,"m":true}
2023-11-15_13-08-33-+0000 {"e":"aggTrade","E":1700053712612,"a":1916835843,"s":"BTCUSDT","p":"36177.00","q":"0.013","f":4291587432,"l":4291587433,"T":1700053712609,"m":true}
2023-11-15_13-08-33-+0000 {"e":"aggTrade","E":1700053712612,"a":1916835844,"s":"BTCUSDT","p":"36176.50","q":"0.562","f":4291587434,"l":4291587435,"T":1700053712609,"m":true}
2023-11-15_13-08-33-+0000 {"e":"aggTrade","E":1700053712612,"a":1916835845,"s":"BTCUSDT","p":"36176.40","q":"0.100","f":4291587436,"l":4291587436,"T":1700053712609,"m":true}
2023-11-15_13-08-33-+0000 {"e":"aggTrade","E":1700053712612,"a":1916835846,"s":"BTCUSDT","p":"36176.30","q":"0.019","f":4291587437,"l":4291587438,"T":1700053712609,"m":true}
2023-11-15_13-08-33-+0000 {"e":"aggTrade","E":1700053712612,"a":1916835847,"s":"BTCUSDT","p":"36176.10","q":"0.241","f":4291587439,"l":4291587439,"T":1700053712609,"m":true}
2023-11-15_13-08-33-+0000 {"e":"aggTrade","E":1700053712612,"a":1916835849,"s":"BTCUSDT","p":"36175.90","q":"0.082","f":4291587446,"l":4291587446,"T":1700053712609,"m":true}
2023-11-15_13-08-33-+0000 {"e":"aggTrade","E":1700053712612,"a":1916835850,"s":"BTCUSDT","p":"36175.80","q":"0.033","f":4291587447,"l":4291587447,"T":1700053712609,"m":true}
2023-11-15_13-08-33-+0000 {"e":"aggTrade","E":1700053712612,"a":1916835851,"s":"BTCUSDT","p":"36175.50","q":"0.037","f":4291587448,"l":4291587453,"T":1700053712609,"m":true}
2023-11-15_13-08-33-+0000 {"e":"aggTrade","E":1700053712612,"a":1916835852,"s":"BTCUSDT","p":"36175.40","q":"0.003","f":4291587454,"l":4291587454,"T":1700053712609,"m":true}
2023-11-15_13-08-33-+0000 {"e":"aggTrade","E":1700053712612,"a":1916835853,"s":"BTCUSDT","p":"36175.30","q":"0.005","f":4291587455,"l":4291587455,"T":1700053712609,"m":true}
2023-11-15_13-08-33-+0000 {"e":"aggTrade","E":1700053712612,"a":1916835854,"s":"BTCUSDT","p":"36175.20","q":"0.159","f":4291587456,"l":4291587457,"T":1700053712609,"m":true}
2023-11-15_13-08-33-+0000 {"e":"aggTrade","E":1700053712612,"a":1916835855,"s":"BTCUSDT","p":"36175.10","q":"0.237","f":4291587458,"l":4291587461,"T":1700053712609,"m":true}
2023-11-15_13-08-33-+0000 {"e":"aggTrade","E":1700053712614,"a":1916835856,"s":"BTCUSDT","p":"36175.00","q":"1.025","f":4291587462,"l":4291587471,"T":1700053712609,"m":true}
2023-11-15_13-08-33-+0000 {"e":"aggTrade","E":1700053712614,"a":1916835857,"s":"BTCUSDT","p":"36174.90","q":"0.063","f":4291587472,"l":4291587474,"T":1700053712610,"m":true}
2023-11-15_13-08-33-+0000 {"e":"aggTrade","E":1700053712614,"a":1916835858,"s":"BTCUSDT","p":"36174.80","q":"0.082","f":4291587475,"l":4291587476,"T":1700053712610,"m":true}
2023-11-15_13-08-33-+0000 {"e":"aggTrade","E":1700053712614,"a":1916835859,"s":"BTCUSDT","p":"36174.70","q":"0.873","f":4291587477,"l":4291587480,"T":1700053712610,"m":true}
2023-11-15_13-08-33-+0000 {"e":"aggTrade","E":1700053712614,"a":1916835860,"s":"BTCUSDT","p":"36174.60","q":"0.149","f":4291587481,"l":4291587483,"T":1700053712610,"m":true}
2023-11-15_13-08-33-+0000 {"e":"aggTrade","E":1700053712730,"a":1916835861,"s":"BTCUSDT","p":"36174.50","q":"3.141","f":4291587484,"l":4291587492,"T":1700053712610,"m":true}
2023-11-15_13-08-33-+0000 {"e":"aggTrade","E":1700053712731,"a":1916835862,"s":"BTCUSDT","p":"36174.60","q":"0.009","f":4291587493,"l":4291587493,"T":1700053712728,"m":false}
2023-11-15_13-08-33-+0000 {"e":"aggTrade","E":1700053712747,"a":1916835863,"s":"BTCUSDT","p":"36174.50","q":"0.124","f":4291587494,"l":4291587494,"T":1700053712728,"m":true}
2023-11-15_13-08-33-+0000 {"e":"aggTrade","E":1700053712788,"a":1916835864,"s":"BTCUSDT","p":"36174.60","q":"0.136","f":4291587495,"l":4291587495,"T":1700053712746,"m":false}
2023-11-15_13-08-33-+0000 {"e":"aggTrade","E":1700053712839,"a":1916835865,"s":"BTCUSDT","p":"36174.50","q":"0.350","f":4291587496,"l":4291587497,"T":1700053712786,"m":true}
2023-11-15_13-08-33-+0000 {"e":"aggTrade","E":1700053712949,"a":1916835866,"s":"BTCUSDT","p":"36174.60","q":"0.012","f":4291587498,"l":4291587499,"T":1700053712834,"m":false}
2023-11-15_13-08-33-+0000 {"e":"aggTrade","E":1700053712949,"a":1916835867,"s":"BTCUSDT","p":"36174.60","q":"0.030","f":4291587500,"l":4291587509,"T":1700053712946,"m":false}
2023-11-15_13-08-33-+0000 {"e":"aggTrade","E":1700053712949,"a":1916835868,"s":"BTCUSDT","p":"36174.70","q":"0.011","f":4291587510,"l":4291587512,"T":1700053712946,"m":false}
2023-11-15_13-08-33-+0000 {"e":"aggTrade","E":1700053712981,"a":1916835869,"s":"BTCUSDT","p":"36175.20","q":"0.005","f":4291587513,"l":4291587513,"T":1700053712946,"m":false}
2023-11-15_13-08-33-+0000 {"e":"aggTrade","E":1700053712982,"a":1916835870,"s":"BTCUSDT","p":"36175.50","q":"0.025","f":4291587514,"l":4291587516,"T":1700053712980,"m":false}
2023-11-15_13-08-33-+0000 {"e":"aggTrade","E":1700053712982,"a":1916835871,"s":"BTCUSDT","p":"36175.60","q":"0.003","f":4291587517,"l":4291587517,"T":1700053712980,"m":false}
2023-11-15_13-08-33-+0000 {"e":"aggTrade","E":1700053713045,"a":1916835873,"s":"BTCUSDT","p":"36176.50","q":"0.253","f":4291587519,"l":4291587520,"T":1700053713024,"m":true}
2023-11-15_13-08-34-+0000 {"e":"aggTrade","E":1700053713196,"a":1916835874,"s":"BTCUSDT","p":"36176.60","q":"0.013","f":4291587521,"l":4291587521,"T":1700053713043,"m":false}
2023-11-15_13-08-34-+0000 {"e":"aggTrade","E":1700053713380,"a":1916835875,"s":"BTCUSDT","p":"36176.50","q":"0.024","f":4291587522,"l":4291587523,"T":1700053713232,"m":true}
2023-11-15_13-08-34-+0000 {"e":"aggTrade","E":1700053713526,"a":1916835876,"s":"BTCUSDT","p":"36176.60","q":"0.005","f":4291587524,"l":4291587524,"T":1700053713378,"m":false}
2023-11-15_13-08-34-+0000 {"e":"aggTrade","E":1700053713565,"a":1916835877,"s":"BTCUSDT","p":"36176.50","q":"0.082","f":4291587525,"l":4291587525,"T":1700053713524,"m":true}
2023-11-15_13-08-34-+0000 {"e":"aggTrade","E":1700053713625,"a":1916835878,"s":"BTCUSDT","p":"36176.60","q":"0.069","f":4291587526,"l":4291587526,"T":1700053713564,"m":false}
2023-11-15_13-08-34-+0000 {"e":"aggTrade","E":1700053713776,"a":1916835879,"s":"BTCUSDT","p":"36176.50","q":"0.174","f":4291587527,"l":4291587529,"T":1700053713623,"m":true}
2023-11-15_13-08-34-+0000 {"e":"aggTrade","E":1700053713870,"a":1916835880,"s":"BTCUSDT","p":"36176.60","q":"0.017","f":4291587530,"l":4291587531,"T":1700053713783,"m":false}
2023-11-15_13-08-34-+0000 {"e":"aggTrade","E":1700053714021,"a":1916835881,"s":"BTCUSDT","p":"36176.50","q":"0.019","f":4291587532,"l":4291587532,"T":1700053713868,"m":true}
2023-11-15_13-08-34-+0000 {"e":"aggTrade","E":1700053714041,"a":1916835882,"s":"BTCUSDT","p":"36176.50","q":"0.276","f":4291587533,"l":4291587533,"T":1700053714026,"m":true}
2023-11-15_13-08-34-+0000 {"e":"aggTrade","E":1700053714085,"a":1916835883,"s":"BTCUSDT","p":"36176.60","q":"0.005","f":4291587534,"l":4291587534,"T":1700053714039,"m":false}
2023-11-15_13-08-35-+0000 {"e":"aggTrade","E":1700053714161,"a":1916835884,"s":"BTCUSDT","p":"36176.50","q":"1.000","f":4291587535,"l":4291587543,"T":1700053714084,"m":true}
2023-11-15_13-08-35-+0000 {"e":"aggTrade","E":1700053714168,"a":1916835885,"s":"BTCUSDT","p":"36176.60","q":"0.017","f":4291587544,"l":4291587544,"T":1700053714159,"m":false}
2023-11-15_13-08-35-+0000 {"e":"aggTrade","E":1700053714306,"a":1916835886,"s":"BTCUSDT","p":"36176.50","q":"0.223","f":4291587545,"l":4291587550,"T":1700053714166,"m":true}
2023-11-15_13-08-35-+0000 {"e":"aggTrade","E":1700053714306,"a":1916835887,"s":"BTCUSDT","p":"36176.50","q":"6.347","f":4291587551,"l":4291587578,"T":1700053714303,"m":true}
2023-11-15_13-08-35-+0000 {"e":"aggTrade","E":1700053714306,"a":1916835888,"s":"BTCUSDT","p":"36176.40","q":"0.023","f":4291587579,"l":4291587580,"T":1700053714303,"m":true}
2023-11-15_13-08-35-+0000 {"e":"aggTrade","E":1700053714356,"a":1916835889,"s":"BTCUSDT","p":"36176.00","q":"0.003","f":4291587581,"l":4291587581,"T":1700053714303,"m":true}
2023-11-15_13-08-35-+0000 {"e":"aggTrade","E":1700053714507,"a":1916835890,"s":"BTCUSDT","p":"36175.70","q":"0.091","f":4291587582,"l":4291587583,"T":1700053714355,"m":false}
2023-11-15_13-08-35-+0000 {"e":"aggTrade","E":1700053714717,"a":1916835891,"s":"BTCUSDT","p":"36175.60","q":"0.003","f":4291587584,"l":4291587584,"T":1700053714682,"m":true}
2023-11-15_13-08-35-+0000 {"e":"aggTrade","E":1700053714824,"a":1916835892,"s":"BTCUSDT","p":"36175.70","q":"0.460","f":4291587585,"l":4291587585,"T":1700053714716,"m":false}
2023-11-15_13-08-35-+0000 {"e":"aggTrade","E":1700053714975,"a":1916835893,"s":"BTCUSDT","p":"36175.60","q":"0.010","f":4291587586,"l":4291587586,"T":1700053714822,"m":true}
2023-11-15_13-08-35-+0000 {"e":"aggTrade","E":1700053715041,"a":1916835894,"s":"BTCUSDT","p":"36175.70","q":"0.003","f":4291587587,"l":4291587587,"T":1700053715005,"m":false}
2023-11-15_13-08-36-+0000 {"e":"aggTrade","E":1700053715122,"a":1916835895,"s":"BTCUSDT","p":"36175.60","q":"0.069","f":4291587588,"l":4291587590,"T":1700053715039,"m":true}
2023-11-15_13-08-36-+0000 {"e":"aggTrade","E":1700053715214,"a":1916835896,"s":"BTCUSDT","p":"36175.70","q":"1.186","f":4291587591,"l":4291587595,"T":1700053715120,"m":false}
2023-11-15_13-08-36-+0000 {"e":"aggTrade","E":1700053715230,"a":1916835897,"s":"BTCUSDT","p":"36175.60","q":"0.003","f":4291587596,"l":4291587596,"T":1700053715212,"m":true}
2023-11-15_13-08-36-+0000 {"e":"aggTrade","E":1700053715254,"a":1916835898,"s":"BTCUSDT","p":"36175.70","q":"0.060","f":4291587597,"l":4291587598,"T":1700053715228,"m":false}
2023-11-15_13-08-36-+0000 {"e":"aggTrade","E":1700053715387,"a":1916835899,"s":"BTCUSDT","p":"36175.60","q":"0.084","f":4291587599,"l":4291587602,"T":1700053715252,"m":true}
2023-11-15_13-08-36-+0000 {"e":"aggTrade","E":1700053715439,"a":1916835900,"s":"BTCUSDT","p":"36175.60","q":"0.146","f":4291587603,"l":4291587604,"T":1700053715386,"m":true}
2023-11-15_13-08-36-+0000 {"e":"aggTrade","E":1700053715466,"a":1916835901,"s":"BTCUSDT","p":"36175.70","q":"0.006","f":4291587605,"l":4291587605,"T":1700053715438,"m":false}
2023-11-15_13-08-36-+0000 {"e":"aggTrade","E":1700053715576,"a":1916835902,"s":"BTCUSDT","p":"36175.60","q":"0.087","f":4291587606,"l":4291587607,"T":1700053715465,"m":true}
2023-11-15_13-08-36-+0000 {"e":"aggTrade","E":1700053715698,"a":1916835903,"s":"BTCUSDT","p":"36175.70","q":"0.006","f":4291587608,"l":4291587608,"T":1700053715575,"m":false}
2023-11-15_13-08-36-+0000 {"e":"aggTrade","E":1700053715807,"a":1916835904,"s":"BTCUSDT","p":"36175.70","q":"0.006","f":4291587609,"l":4291587609,"T":1700053715696,"m":false}
2023-11-15_13-08-36-+0000 {"e":"aggTrade","E":1700053715813,"a":1916835905,"s":"BTCUSDT","p":"36175.70","q":"0.020","f":4291587610,"l":4291587610,"T":1700053715806,"m":false}
2023-11-15_13-08-36-+0000 {"e":"aggTrade","E":1700053715910,"a":1421458458,"s":"ETHUSDT","p":"2016.58","q":"9.359","f":3361695346,"l":3361695355,"T":1700053715907,"m":false}
2023-11-15_13-08-36-+0000 {"e":"aggTrade","E":1700053715913,"a":1916835906,"s":"BTCUSDT","p":"36175.60","q":"0.009","f":4291587611,"l":4291587611,"T":1700053715811,"m":true}
2023-11-15_13-08-36-+0000 {"e":"aggTrade","E":1700053715949,"a":1916835907,"s":"BTCUSDT","p":"36175.70","q":"0.578","f":4291587612,"l":4291587620,"T":1700053715911,"m":false}
2023-11-15_13-08-36-+0000 {"e":"aggTrade","E":1700053715949,"a":1916835908,"s":"BTCUSDT","p":"36175.80","q":"0.003","f":4291587621,"l":4291587621,"T":1700053715947,"m":false}
2023-11-15_13-08-36-+0000 {"e":"aggTrade","E":1700053716011,"a":1421458481,"s":"ETHUSDT","p":"2016.63","q":"4.959","f":3361695419,"l":3361695419,"T":1700053716007,"m":true}
2023-11-15_13-08-36-+0000 {"e":"aggTrade","E":1700053716043,"a":1916835909,"s":"BTCUSDT","p":"36176.00","q":"1.535","f":4291587622,"l":4291587626,"T":1700053715947,"m":false}
2023-11-15_13-08-37-+0000 {"e":"aggTrade","E":1700053716158,"a":1916835910,"s":"BTCUSDT","p":"36175.90","q":"0.011","f":4291587627,"l":4291587627,"T":1700053716042,"m":true}
2023-11-15_13-08-37-+0000 {"e":"aggTrade","E":1700053716309,"a":1916835911,"s":"BTCUSDT","p":"36175.90","q":"0.173","f":4291587628,"l":4291587629,"T":1700053716156,"m":true}
2023-11-15_13-08-37-+0000 {"e":"aggTrade","E":1700053716701,"a":1916835912,"s":"BTCUSDT","p":"36175.90","q":"0.142","f":4291587630,"l":4291587631,"T":1700053716564,"m":true}
2023-11-15_13-08-37-+0000 {"e":"aggTrade","E":1700053716738,"a":1916835913,"s":"BTCUSDT","p":"36175.90","q":"0.049","f":4291587632,"l":4291587632,"T":1700053716699,"m":true}
2023-11-15_13-08-37-+0000 {"e":"aggTrade","E":1700053716889,"a":1916835914,"s":"BTCUSDT","p":"36176.00","q":"0.575","f":4291587633,"l":4291587633,"T":1700053716735,"m":false}
2023-11-15_13-08-37-+0000 {"e":"aggTrade","E":1700053717090,"a":1916835915,"s":"BTCUSDT","p":"36175.90","q":"1.011","f":4291587634,"l":4291587636,"T":1700053716937,"m":true}
2023-11-15_13-08-38-+0000 {"e":"aggTrade","E":1700053717328,"a":1916835916,"s":"BTCUSDT","p":"36175.90","q":"0.045","f":4291587637,"l":4291587638,"T":1700053717176,"m":true}
2023-11-15_13-08-38-+0000 {"e":"aggTrade","E":1700053717545,"a":1916835917,"s":"BTCUSDT","p":"36176.00","q":"0.387","f":4291587639,"l":4291587639,"T":1700053717488,"m":false}
2023-11-15_13-08-38-+0000 {"e":"aggTrade","E":1700053717552,"a":1916835918,"s":"BTCUSDT","p":"36175.90","q":"0.038","f":4291587640,"l":4291587640,"T":1700053717544,"m":true}
2023-11-15_13-08-38-+0000 {"e":"aggTrade","E":1700053717578,"a":1916835919,"s":"BTCUSDT","p":"36176.00","q":"0.345","f":4291587641,"l":4291587641,"T":1700053717550,"m":false}
2023-11-15_13-08-38-+0000 {"e":"aggTrade","E":1700053717597,"a":1916835920,"s":"BTCUSDT","p":"36175.90","q":"0.396","f":4291587642,"l":4291587642,"T":1700053717577,"m":true}
2023-11-15_13-08-38-+0000 {"e":"aggTrade","E":1700053717686,"a":1916835921,"s":"BTCUSDT","p":"36176.00","q":"0.025","f":4291587643,"l":4291587643,"T":1700053717595,"m":false}
2023-11-15_13-08-38-+0000 {"e":"aggTrade","E":1700053717800,"a":1916835922,"s":"BTCUSDT","p":"36175.90","q":"0.124","f":4291587644,"l":4291587645,"T":1700053717685,"m":true}
2023-11-15_13-08-38-+0000 {"e":"aggTrade","E":1700053717858,"a":1916835923,"s":"BTCUSDT","p":"36175.90","q":"0.010","f":4291587646,"l":4291587646,"T":1700053717798,"m":true}
2023-11-15_13-08-38-+0000 {"e":"aggTrade","E":1700053717963,"a":1916835924,"s":"BTCUSDT","p":"36176.00","q":"0.180","f":4291587647,"l":4291587648,"T":1700053717856,"m":false}
2023-11-15_13-08-38-+0000 {"e":"aggTrade","E":1700053717969,"a":1916835925,"s":"BTCUSDT","p":"36175.90","q":"0.003","f":4291587649,"l":4291587649,"T":1700053717961,"m":true}
2023-11-15_13-08-38-+0000 {"e":"aggTrade","E":1700053718076,"a":1916835926,"s":"BTCUSDT","p":"36176.00","q":"1.023","f":4291587650,"l":4291587652,"T":1700053717967,"m":false}
2023-11-15_13-08-38-+0000 {"e":"aggTrade","E":1700053718087,"a":1916835927,"s":"BTCUSDT","p":"36176.00","q":"13.355","f":4291587653,"l":4291587668,"T":1700053718075,"m":false}
2023-11-15_13-08-38-+0000 {"e":"aggTrade","E":1700053718088,"a":1916835928,"s":"BTCUSDT","p":"36175.90","q":"0.001","f":4291587669,"l":4291587669,"T":1700053718084,"m":true}
2023-11-15_13-08-38-+0000 {"e":"aggTrade","E":1700053718091,"a":1421458495,"s":"ETHUSDT","p":"2016.60","q":"1.115","f":3361695460,"l":3361695461,"T":1700053718072,"m":false}
2023-11-15_13-08-38-+0000 {"e":"aggTrade","E":1700053718096,"a":1916835930,"s":"BTCUSDT","p":"36176.10","q":"0.003","f":4291587698,"l":4291587698,"T":1700053718093,"m":false}
2023-11-15_13-08-38-+0000 {"e":"aggTrade","E":1700053718097,"a":1916835931,"s":"BTCUSDT","p":"36176.60","q":"0.495","f":4291587699,"l":4291587701,"T":1700053718093,"m":false}
2023-11-15_13-08-38-+0000 {"e":"aggTrade","E":1700053718097,"a":1916835932,"s":"BTCUSDT","p":"36176.70","q":"0.104","f":4291587702,"l":4291587703,"T":1700053718094,"m":false}
2023-11-15_13-08-38-+0000 {"e":"aggTrade","E":1700053718097,"a":1916835933,"s":"BTCUSDT","p":"36177.00","q":"0.206","f":4291587704,"l":4291587706,"T":1700053718094,"m":false}
2023-11-15_13-08-38-+0000 {"e":"aggTrade","E":1700053718097,"a":1916835934,"s":"BTCUSDT","p":"36177.20","q":"0.003","f":4291587707,"l":4291587707,"T":1700053718094,"m":false}
2023-11-15_13-08-38-+0000 {"e":"aggTrade","E":1700053718100,"a":1916835935,"s":"BTCUSDT","p":"36177.30","q":"0.103","f":4291587708,"l":4291587710,"T":1700053718094,"m":false}
2023-11-15_13-08-38-+0000 {"e":"aggTrade","E":1700053718100,"a":1916835936,"s":"BTCUSDT","p":"36177.50","q":"0.013","f":4291587711,"l":4291587712,"T":1700053718097,"m":false}
2023-11-15_13-08-38-+0000 {"e":"aggTrade","E":1700053718100,"a":1916835937,"s":"BTCUSDT","p":"36177.60","q":"0.003","f":4291587713,"l":4291587713,"T":1700053718097,"m":false}
2023-11-15_13-08-38-+0000 {"e":"aggTrade","E":1700053718100,"a":1916835938,"s":"BTCUSDT","p":"36177.90","q":"0.104","f":4291587714,"l":4291587716,"T":1700053718097,"m":false}
2023-11-15_13-08-38-+0000 {"e":"aggTrade","E":1700053718100,"a":1916835939,"s":"BTCUSDT","p":"36178.00","q":"0.010","f":4291587717,"l":4291587717,"T":1700053718097,"m":false}
2023-11-15_13-08-38-+0000 {"e":"aggTrade","E":1700053718100,"a":1916835940,"s":"BTCUSDT","p":"36178.10","q":"0.003","f":4291587718,"l":4291587718,"T":1700053718097,"m":false}
2023-11-15_13-08-39-+0000 {"e":"aggTrade","E":1700053718100,"a":1916835941,"s":"BTCUSDT","p":"36178.20","q":"0.003","f":4291587719,"l":4291587719,"T":1700053718097,"m":false}
2023-11-15_13-08-39-+0000 {"e":"aggTrade","E":1700053718100,"a":1916835942,"s":"BTCUSDT","p":"36178.30","q":"0.097","f":4291587720,"l":4291587720,"T":1700053718097,"m":false}
2023-11-15_13-08-39-+0000 {"e":"aggTrade","E":1700053718100,"a":1916835943,"s":"BTCUSDT","p":"36178.50","q":"0.014","f":4291587721,"l":4291587722,"T":1700053718097,"m":false}
2023-11-15_13-08-39-+0000 {"e":"aggTrade","E":1700053718100,"a":1916835944,"s":"BTCUSDT","p":"36178.60","q":"0.003","f":4291587723,"l":4291587723,"T":1700053718097,"m":false}
2023-11-15_13-08-39-+0000 {"e":"aggTrade","E":1700053718100,"a":1916835945,"s":"BTCUSDT","p":"36178.80","q":"0.005","f":4291587724,"l":4291587724,"T":1700053718097,"m":false}
2023-11-15_13-08-39-+0000 {"e":"aggTrade","E":1700053718100,"a":1916835946,"s":"BTCUSDT","p":"36178.90","q":"0.003","f":4291587725,"l":4291587725,"T":1700053718097,"m":false}
2023-11-15_13-08-39-+0000 {"e":"aggTrade","E":1700053718100,"a":1916835947,"s":"BTCUSDT","p":"36179.00","q":"0.010","f":4291587726,"l":4291587726,"T":1700053718097,"m":false}
2023-11-15_13-08-39-+0000 {"e":"aggTrade","E":1700053718100,"a":1916835948,"s":"BTCUSDT","p":"36179.10","q":"0.008","f":4291587727,"l":4291587728,"T":1700053718097,"m":false}
2023-11-15_13-08-39-+0000 {"e":"aggTrade","E":1700053718102,"a":1916835949,"s":"BTCUSDT","p":"36179.30","q":"0.739","f":4291587729,"l":4291587734,"T":1700053718097,"m":false}
2023-11-15_13-08-39-+0000 {"e":"aggTrade","E":1700053718102,"a":1916835950,"s":"BTCUSDT","p":"36179.50","q":"0.010","f":4291587735,"l":4291587735,"T":1700053718099,"m":false}
2023-11-15_13-08-39-+0000 {"e":"aggTrade","E":1700053718102,"a":1916835951,"s":"BTCUSDT","p":"36179.60","q":"0.105","f":4291587736,"l":4291587738,"T":1700053718099,"m":false}
2023-11-15_13-08-39-+0000 {"e":"aggTrade","E":1700053718120,"a":1916835952,"s":"BTCUSDT","p":"36179.80","q":"0.114","f":4291587739,"l":4291587744,"T":1700053718099,"m":false}
2023-11-15_13-08-39-+0000 {"e":"aggTrade","E":1700053718140,"a":1916835953,"s":"BTCUSDT","p":"36179.90","q":"0.054","f":4291587745,"l":4291587745,"T":1700053718118,"m":false}
2023-11-15_13-08-39-+0000 {"e":"aggTrade","E":1700053718203,"a":1916835954,"s":"BTCUSDT","p":"36180.00","q":"0.835","f":4291587746,"l":4291587756,"T":1700053718138,"m":false}
2023-11-15_13-08-39-+0000 {"e":"aggTrade","E":1700053718263,"a":1421458502,"s":"ETHUSDT","p":"2016.80","q":"0.458","f":3361695482,"l":3361695483,"T":1700053718179,"m":false}
2023-11-15_13-08-39-+0000 {"e":"aggTrade","E":1700053718261,"a":1916835955,"s":"BTCUSDT","p":"36180.10","q":"0.006","f":4291587757,"l":4291587758,"T":1700053718201,"m":false}
2023-11-15_13-08-39-+0000 {"e":"aggTrade","E":1700053718297,"a":1916835956,"s":"BTCUSDT","p":"36180.60","q":"0.013","f":4291587759,"l":4291587761,"T":1700053718259,"m":false}
2023-11-15_13-08-39-+0000 {"e":"aggTrade","E":1700053718298,"a":1916835957,"s":"BTCUSDT","p":"36180.50","q":"0.017","f":4291587762,"l":4291587762,"T":1700053718295,"m":true}
2023-11-15_13-08-39-+0000 {"e":"aggTrade","E":1700053718328,"a":1916835958,"s":"BTCUSDT","p":"36180.60","q":"3.342","f":4291587763,"l":4291587779,"T":1700053718296,"m":false}
2023-11-15_13-08-39-+0000 {"e":"aggTrade","E":1700053718329,"a":1916835959,"s":"BTCUSDT","p":"36180.70","q":"0.017","f":4291587780,"l":4291587781,"T":1700053718327,"m":false}
2023-11-15_13-08-39-+0000 {"e":"aggTrade","E":1700053718329,"a":1916835960,"s":"BTCUSDT","p":"36180.90","q":"0.140","f":4291587782,"l":4291587782,"T":1700053718327,"m":false}
2023-11-15_13-08-39-+0000 {"e":"aggTrade","E":1700053718375,"a":1916835961,"s":"BTCUSDT","p":"36181.00","q":"1.548","f":4291587783,"l":4291587785,"T":1700053718327,"m":false}
2023-11-15_13-08-39-+0000 {"e":"aggTrade","E":1700053718412,"a":1916835962,"s":"BTCUSDT","p":"36180.90","q":"0.027","f":4291587786,"l":4291587786,"T":1700053718373,"m":true}
2023-11-15_13-08-39-+0000 {"e":"aggTrade","E":1700053718563,"a":1916835963,"s":"BTCUSDT","p":"36181.00","q":"0.041","f":4291587787,"l":4291587787,"T":1700053718411,"m":false}
2023-11-15_13-08-39-+0000 {"e":"aggTrade","E":1700053718792,"a":1916835964,"s":"BTCUSDT","p":"36181.00","q":"0.020","f":4291587788,"l":4291587788,"T":1700053718687,"m":false}
2023-11-15_13-08-39-+0000 {"e":"aggTrade","E":1700053718847,"a":1916835965,"s":"BTCUSDT","p":"36180.90","q":"10.376","f":4291587789,"l":4291587831,"T":1700053718790,"m":true}
2023-11-15_13-08-39-+0000 {"e":"aggTrade","E":1700053718847,"a":1916835966,"s":"BTCUSDT","p":"36180.80","q":"0.003","f":4291587832,"l":4291587832,"T":1700053718845,"m":true}
2023-11-15_13-08-39-+0000 {"e":"aggTrade","E":1700053718847,"a":1916835967,"s":"BTCUSDT","p":"36180.70","q":"0.005","f":4291587833,"l":4291587833,"T":1700053718845,"m":true}
2023-11-15_13-08-39-+0000 {"e":"aggTrade","E":1700053718847,"a":1916835968,"s":"BTCUSDT","p":"36180.50","q":"0.177","f":4291587834,"l":4291587836,"T":1700053718845,"m":true}
2023-11-15_13-08-39-+0000 {"e":"aggTrade","E":1700053718847,"a":1916835972,"s":"BTCUSDT","p":"36178.90","q":"0.149","f":4291587846,"l":4291587847,"T":1700053718845,"m":true}
2023-11-15_13-08-39-+0000 {"e":"aggTrade","E":1700053718847,"a":1916835973,"s":"BTCUSDT","p":"36178.80","q":"0.020","f":4291587848,"l":4291587848,"T":1700053718845,"m":true}
2023-11-15_13-08-39-+0000 {"e":"aggTrade","E":1700053718854,"a":1421458511,"s":"ETHUSDT","p":"2016.65","q":"0.124","f":3361695511,"l":3361695511,"T":1700053718851,"m":true}
2023-11-15_13-08-39-+0000 {"e":"aggTrade","E":1700053718847,"a":1916835974,"s":"BTCUSDT","p":"36178.70","q":"0.060","f":4291587849,"l":4291587849,"T":1700053718845,"m":true}
2023-11-15_13-08-39-+0000 {"e":"aggTrade","E":1700053718847,"a":1916835975,"s":"BTCUSDT","p":"36178.50","q":"0.014","f":4291587850,"l":4291587851,"T":1700053718845,"m":true}
2023-11-15_13-08-39-+0000 {"e":"aggTrade","E":1700053718847,"a":1916835976,"s":"BTCUSDT","p":"36178.30","q":"0.003","f":4291587852,"l":4291587852,"T":1700053718845,"m":true}
2023-11-15_13-08-39-+0000 {"e":"aggTrade","E":1700053718847,"a":1916835977,"s":"BTCUSDT","p":"36178.20","q":"0.003","f":4291587853,"l":4291587853,"T":1700053718845,"m":true}
2023-11-15_13-08-39-+0000 {"e":"aggTrade","E":1700053718847,"a":1916835978,"s":"BTCUSDT","p":"36178.10","q":"0.552","f":4291587854,"l":4291587854,"T":1700053718845,"m":true}
2023-11-15_13-08-39-+0000 {"e":"aggTrade","E":1700053718847,"a":1916835979,"s":"BTCUSDT","p":"36178.00","q":"1.449","f":4291587855,"l":4291587856,"T":1700053718845,"m":true}
2023-11-15_13-08-39-+0000 {"e":"aggTrade","E":1700053718847,"a":1916835980,"s":"BTCUSDT","p":"36177.90","q":"0.003","f":4291587857,"l":4291587857,"T":1700053718845,"m":true}
2023-11-15_13-08-39-+0000 {"e":"aggTrade","E":1700053718847,"a":1916835981,"s":"BTCUSDT","p":"36177.80","q":"0.160","f":4291587858,"l":4291587858,"T":1700053718845,"m":true}
2023-11-15_13-08-39-+0000 {"e":"aggTrade","E":1700053718847,"a":1916835982,"s":"BTCUSDT","p":"36177.50","q":"0.010","f":4291587859,"l":4291587859,"T":1700053718845,"m":true}
2023-11-15_13-08-39-+0000 {"e":"aggTrade","E":1700053718848,"a":1916835983,"s":"BTCUSDT","p":"36177.40","q":"0.044","f":4291587860,"l":4291587861,"T":1700053718845,"m":true}
2023-11-15_13-08-39-+0000 {"e":"aggTrade","E":1700053718848,"a":1916835984,"s":"BTCUSDT","p":"36177.20","q":"0.003","f":4291587862,"l":4291587862,"T":1700053718845,"m":true}
2023-11-15_13-08-39-+0000 {"e":"aggTrade","E":1700053718848,"a":1916835985,"s":"BTCUSDT","p":"36177.10","q":"0.005","f":4291587863,"l":4291587863,"T":1700053718845,"m":true}
2023-11-15_13-08-39-+0000 {"e":"aggTrade","E":1700053718848,"a":1916835986,"s":"BTCUSDT","p":"36177.00","q":"0.128","f":4291587864,"l":4291587867,"T":1700053718845,"m":true}
2023-11-15_13-08-39-+0000 {"e":"aggTrade","E":1700053718848,"a":1916835987,"s":"BTCUSDT","p":"36176.90","q":"0.181","f":4291587868,"l":4291587871,"T":1700053718845,"m":true}
2023-11-15_13-08-39-+0000 {"e":"aggTrade","E":1700053718848,"a":1916835988,"s":"BTCUSDT","p":"36176.80","q":"0.083","f":4291587872,"l":4291587873,"T":1700053718845,"m":true}
2023-11-15_13-08-39-+0000 {"e":"aggTrade","E":1700053718848,"a":1916835989,"s":"BTCUSDT","p":"36176.70","q":"1.665","f":4291587874,"l":4291587877,"T":1700053718845,"m":true}
2023-11-15_13-08-39-+0000 {"e":"aggTrade","E":1700053718848,"a":1916835990,"s":"BTCUSDT","p":"36176.60","q":"0.415","f":4291587878,"l":4291587878,"T":1700053718845,"m":true}
2023-11-15_13-08-39-+0000 {"e":"aggTrade","E":1700053718848,"a":1916835991,"s":"BTCUSDT","p":"36176.50","q":"0.013","f":4291587879,"l":4291587880,"T":1700053718845,"m":true}
2023-11-15_13-08-39-+0000 {"e":"aggTrade","E":1700053718848,"a":1916835992,"s":"BTCUSDT","p":"36176.40","q":"0.003","f":4291587881,"l":4291587881,"T":1700053718845,"m":true}
2023-11-15_13-08-39-+0000 {"e":"aggTrade","E":1700053718848,"a":1916835993,"s":"BTCUSDT","p":"36176.30","q":"0.017","f":4291587882,"l":4291587883,"T":1700053718845,"m":true}
2023-11-15_13-08-39-+0000 {"e":"aggTrade","E":1700053718848,"a":1916835994,"s":"BTCUSDT","p":"36176.20","q":"0.246","f":4291587884,"l":4291587885,"T":1700053718845,"m":true}
2023-11-15_13-08-39-+0000 {"e":"aggTrade","E":1700053718848,"a":1916835995,"s":"BTCUSDT","p":"36176.10","q":"0.085","f":4291587886,"l":4291587887,"T":1700053718845,"m":true}
2023-11-15_13-08-39-+0000 {"e":"aggTrade","E":1700053718848,"a":1916835996,"s":"BTCUSDT","p":"36176.00","q":"0.240","f":4291587888,"l":4291587893,"T":1700053718845,"m":true}
2023-11-15_13-08-39-+0000 {"e":"aggTrade","E":1700053718848,"a":1916835997,"s":"BTCUSDT","p":"36175.90","q":"1.884","f":4291587894,"l":4291587909,"T":1700053718845,"m":true}
2023-11-15_13-08-39-+0000 {"e":"aggTrade","E":1700053718848,"a":1916835998,"s":"BTCUSDT","p":"36175.80","q":"0.019","f":4291587910,"l":4291587911,"T":1700053718845,"m":true}
2023-11-15_13-08-39-+0000 {"e":"aggTrade","E":1700053718923,"a":1421458512,"s":"ETHUSDT","p":"2016.64","q":"8.203","f":3361695512,"l":3361695514,"T":1700053718851,"m":true}
2023-11-15_13-08-39-+0000 {"e":"aggTrade","E":1700053718848,"a":1916835999,"s":"BTCUSDT","p":"36175.70","q":"0.011","f":4291587912,"l":4291587912,"T":1700053718845,"m":true}
2023-11-15_13-08-39-+0000 {"e":"aggTrade","E":1700053718923,"a":1421458513,"s":"ETHUSDT","p":"2016.63","q":"0.010","f":3361695515,"l":3361695515,"T":1700053718922,"m":true}
2023-11-15_13-08-39-+0000 {"e":"aggTrade","E":1700053718848,"a":1916836000,"s":"BTCUSDT","p":"36175.60","q":"0.301","f":4291587913,"l":4291587916,"T":1700053718845,"m":true}
2023-11-15_13-08-39-+0000 {"e":"aggTrade","E":1700053718848,"a":1916836001,"s":"BTCUSDT","p":"36175.50","q":"1.343","f":4291587917,"l":4291587924,"T":1700053718845,"m":true}
2023-11-15_13-08-39-+0000 {"e":"aggTrade","E":1700053718848,"a":1916836002,"s":"BTCUSDT","p":"36175.40","q":"0.003","f":4291587925,"l":4291587925,"T":1700053718845,"m":true}
2023-11-15_13-08-39-+0000 {"e":"aggTrade","E":1700053718848,"a":1916836003,"s":"BTCUSDT","p":"36175.30","q":"0.015","f":4291587926,"l":4291587927,"T":1700053718845,"m":true}
2023-11-15_13-08-39-+0000 {"e":"aggTrade","E":1700053718848,"a":1916836004,"s":"BTCUSDT","p":"36175.20","q":"0.044","f":4291587928,"l":4291587929,"T":1700053718845,"m":true}
2023-11-15_13-08-39-+0000 {"e":"aggTrade","E":1700053718848,"a":1916836005,"s":"BTCUSDT","p":"36175.10","q":"0.471","f":4291587930,"l":4291587931,"T":1700053718845,"m":true}
2023-11-15_13-08-39-+0000 {"e":"aggTrade","E":1700053718856,"a":1916836006,"s":"BTCUSDT","p":"36175.00","q":"0.024","f":4291587932,"l":4291587934,"T":1700053718845,"m":true}
2023-11-15_13-08-39-+0000 {"e":"aggTrade","E":1700053718856,"a":1916836007,"s":"BTCUSDT","p":"36174.80","q":"0.010","f":4291587935,"l":4291587938,"T":1700053718853,"m":true}
2023-11-15_13-08-39-+0000 {"e":"aggTrade","E":1700053719007,"a":1916836008,"s":"BTCUSDT","p":"36174.70","q":"0.002","f":4291587939,"l":4291587939,"T":1700053718853,"m":true}
2023-11-15_13-08-40-+0000 {"e":"aggTrade","E":1700053719146,"a":1916836009,"s":"BTCUSDT","p":"36174.60","q":"0.018","f":4291587940,"l":4291587940,"T":1700053719038,"m":true}
2023-11-15_13-08-40-+0000 {"e":"aggTrade","E":1700053719297,"a":1916836010,"s":"BTCUSDT","p":"36174.60","q":"0.443","f":4291587941,"l":4291587943,"T":1700053719145,"m":true}
2023-11-15_13-08-40-+0000 {"e":"aggTrade","E":1700053719465,"a":1916836011,"s":"BTCUSDT","p":"36174.70","q":"0.007","f":4291587944,"l":4291587944,"T":1700053719312,"m":false}
2023-11-15_13-08-40-+0000 {"e":"aggTrade","E":1700053719521,"a":1916836012,"s":"BTCUSDT","p":"36174.60","q":"0.435","f":4291587945,"l":4291587954,"T":1700053719502,"m":true}
2023-11-15_13-08-40-+0000 {"e":"aggTrade","E":1700053719605,"a":1916836013,"s":"BTCUSDT","p":"36174.70","q":"0.095","f":4291587955,"l":4291587955,"T":1700053719519,"m":false}
2023-11-15_13-08-40-+0000 {"e":"aggTrade","E":1700053719756,"a":1916836014,"s":"BTCUSDT","p":"36174.60","q":"0.005","f":4291587956,"l":4291587956,"T":1700053719601,"m":true}
2023-11-15_13-08-41-+0000 {"e":"aggTrade","E":1700053720150,"a":1916836016,"s":"BTCUSDT","p":"36174.60","q":"0.133","f":4291587965,"l":4291587966,"T":1700053720026,"m":true}
2023-11-15_13-08-41-+0000 {"e":"aggTrade","E":1700053720299,"a":1916836017,"s":"BTCUSDT","p":"36174.60","q":"0.186","f":4291587967,"l":4291587970,"T":1700053720148,"m":true}
2023-11-15_13-08-41-+0000 {"e":"aggTrade","E":1700053720450,"a":1916836018,"s":"BTCUSDT","p":"36174.60","q":"0.095","f":4291587971,"l":4291587971,"T":1700053720297,"m":true}
2023-11-15_13-08-41-+0000 {"e":"aggTrade","E":1700053720657,"a":1916836019,"s":"BTCUSDT","p":"36174.70","q":"0.007","f":4291587972,"l":4291587973,"T":1700053720545,"m":false}
2023-11-15_13-08-41-+0000 {"e":"aggTrade","E":1700053720795,"a":1916836020,"s":"BTCUSDT","p":"36174.70","q":"0.003","f":4291587974,"l":4291587974,"T":1700053720655,"m":false}
2023-11-15_13-08-41-+0000 {"e":"aggTrade","E":1700053720900,"a":1916836021,"s":"BTCUSDT","p":"36174.70","q":"0.056","f":4291587975,"l":4291587977,"T":1700053720794,"m":false}
2023-11-15_13-08-41-+0000 {"e":"aggTrade","E":1700053720905,"a":1916836022,"s":"BTCUSDT","p":"36174.60","q":"0.909","f":4291587978,"l":4291587980,"T":1700053720899,"m":true}
2023-11-15_13-08-41-+0000 {"e":"aggTrade","E":1700053720984,"a":1916836023,"s":"BTCUSDT","p":"36174.70","q":"3.069","f":4291587981,"l":4291587994,"T":1700053720903,"m":false}
2023-11-15_13-08-41-+0000 {"e":"aggTrade","E":1700053721020,"a":1916836024,"s":"BTCUSDT","p":"36174.90","q":"0.038","f":4291587995,"l":4291587995,"T":1700053720982,"m":true}
2023-11-15_13-08-42-+0000 {"e":"aggTrade","E":1700053721153,"a":1916836025,"s":"BTCUSDT","p":"36175.00","q":"0.053","f":4291587996,"l":4291588001,"T":1700053721019,"m":false}
2023-11-15_13-08-42-+0000 {"e":"aggTrade","E":1700053721270,"a":1916836026,"s":"BTCUSDT","p":"36174.90","q":"0.575","f":4291588002,"l":4291588005,"T":1700053721151,"m":true}
2023-11-15_13-08-42-+0000 {"e":"aggTrade","E":1700053721382,"a":1916836027,"s":"BTCUSDT","p":"36175.00","q":"0.047","f":4291588006,"l":4291588006,"T":1700053721269,"m":false}
2023-11-15_13-08-42-+0000 {"e":"aggTrade","E":1700053721383,"a":1421458533,"s":"ETHUSDT","p":"2016.47","q":"1.424","f":3361695592,"l":3361695593,"T":1700053721324,"m":true}
2023-11-15_13-08-42-+0000 {"e":"aggTrade","E":1700053721383,"a":1916836028,"s":"BTCUSDT","p":"36175.00","q":"0.001","f":4291588007,"l":4291588007,"T":1700053721381,"m":false}
2023-11-15_13-08-42-+0000 {"e":"aggTrade","E":1700053721534,"a":1916836029,"s":"BTCUSDT","p":"36174.90","q":"0.063","f":4291588008,"l":4291588009,"T":1700053721381,"m":true}
2023-11-15_13-08-42-+0000 {"e":"aggTrade","E":1700053721717,"a":1916836030,"s":"BTCUSDT","p":"36174.90","q":"0.530","f":4291588010,"l":4291588011,"T":1700053721565,"m":true}
2023-11-15_13-08-42-+0000 {"e":"aggTrade","E":1700053721770,"a":1421458544,"s":"ETHUSDT","p":"2016.41","q":"0.900","f":3361695616,"l":3361695619,"T":1700053721617,"m":false}
2023-11-15_13-08-42-+0000 {"e":"aggTrade","E":1700053721769,"a":1916836031,"s":"BTCUSDT","p":"36175.00","q":"0.147","f":4291588012,"l":4291588012,"T":1700053721759,"m":false}
2023-11-15_13-08-42-+0000 {"e":"aggTrade","E":1700053721782,"a":1916836032,"s":"BTCUSDT","p":"36174.90","q":"0.238","f":4291588013,"l":4291588013,"T":1700053721768,"m":true}
2023-11-15_13-08-42-+0000 {"e":"aggTrade","E":1700053721933,"a":1916836033,"s":"BTCUSDT","p":"36175.00","q":"0.009","f":4291588014,"l":4291588014,"T":1700053721781,"m":false}
2023-11-15_13-08-42-+0000 {"e":"aggTrade","E":1700053722056,"a":1916836034,"s":"BTCUSDT","p":"36175.00","q":"0.180","f":4291588015,"l":4291588015,"T":1700053722051,"m":false}
2023-11-15_13-08-43-+0000 {"e":"aggTrade","E":1700053722207,"a":1916836035,"s":"BTCUSDT","p":"36174.90","q":"0.111","f":4291588016,"l":4291588017,"T":1700053722054,"m":true}
2023-11-15_13-08-43-+0000 {"e":"aggTrade","E":1700053722443,"a":1916836036,"s":"BTCUSDT","p":"36175.00","q":"0.300","f":4291588018,"l":4291588018,"T":1700053722323,"m":false}
2023-11-15_13-08-43-+0000 {"e":"aggTrade","E":1700053722594,"a":1916836037,"s":"BTCUSDT","p":"36174.90","q":"0.050","f":4291588019,"l":4291588020,"T":1700053722441,"m":true}
2023-11-15_13-08-43-+0000 {"e":"aggTrade","E":1700053722904,"a":1916836038,"s":"BTCUSDT","p":"36175.00","q":"0.024","f":4291588021,"l":4291588021,"T":1700053722752,"m":false}
2023-11-15_13-08-44-+0000 {"e":"aggTrade","E":1700053723200,"a":1916836039,"s":"BTCUSDT","p":"36174.90","q":"0.018","f":4291588022,"l":4291588022,"T":1700053723108,"m":true}
2023-11-15_13-08-44-+0000 {"e":"aggTrade","E":1700053723220,"a":1916836040,"s":"BTCUSDT","p":"36175.00","q":"0.024","f":4291588023,"l":4291588023,"T":1700053723199,"m":false}
2023-11-15_13-08-44-+0000 {"e":"aggTrade","E":1700053723321,"a":1916836041,"s":"BTCUSDT","p":"36174.90","q":"0.213","f":4291588024,"l":4291588025,"T":1700053723218,"m":true}
2023-11-15_13-08-44-+0000 {"e":"aggTrade","E":1700053723456,"a":1916836042,"s":"BTCUSDT","p":"36174.90","q":"0.011","f":4291588026,"l":4291588027,"T":1700053723320,"m":true}
2023-11-15_13-08-44-+0000 {"e":"aggTrade","E":1700053723607,"a":1916836043,"s":"BTCUSDT","p":"36174.90","q":"0.545","f":4291588028,"l":4291588030,"T":1700053723454,"m":true}
2023-11-15_13-08-44-+0000 {"e":"aggTrade","E":1700053723706,"a":1916836044,"s":"BTCUSDT","p":"36175.00","q":"0.003","f":4291588031,"l":4291588031,"T":1700053723619,"m":false}
2023-11-15_13-08-44-+0000 {"e":"aggTrade","E":1700053723728,"a":1916836045,"s":"BTCUSDT","p":"36174.90","q":"0.031","f":4291588032,"l":4291588032,"T":1700053723705,"m":true}
2023-11-15_13-08-44-+0000 {"e":"aggTrade","E":1700053723879,"a":1916836046,"s":"BTCUSDT","p":"36175.00","q":"0.122","f":4291588033,"l":4291588033,"T":1700053723727,"m":false}
2023-11-15_13-08-45-+0000 {"e":"aggTrade","E":1700053724253,"a":1916836047,"s":"BTCUSDT","p":"36175.00","q":"0.256","f":4291588034,"l":4291588035,"T":1700053724100,"m":false}
2023-11-15_13-08-45-+0000 {"e":"aggTrade","E":1700053724455,"a":1916836048,"s":"BTCUSDT","p":"36175.00","q":"1.379","f":4291588036,"l":4291588046,"T":1700053724302,"m":false}
2023-11-15_13-08-45-+0000 {"e":"aggTrade","E":1700053724620,"a":1916836049,"s":"BTCUSDT","p":"36175.00","q":"0.013","f":4291588047,"l":4291588047,"T":1700053724467,"m":false}
2023-11-15_13-08-45-+0000 {"e":"aggTrade","E":1700053724778,"a":1916836050,"s":"BTCUSDT","p":"36174.90","q":"0.014","f":4291588048,"l":4291588048,"T":1700053724655,"m":true}
2023-11-15_13-08-45-+0000 {"e":"aggTrade","E":1700053724872,"a":1916836051,"s":"BTCUSDT","p":"36174.90","q":"0.047","f":4291588049,"l":4291588051,"T":1700053724776,"m":true}
2023-11-15_13-08-45-+0000 {"e":"aggTrade","E":1700053725023,"a":1916836052,"s":"BTCUSDT","p":"36175.00","q":"0.003","f":4291588052,"l":4291588052,"T":1700053724871,"m":false}
2023-11-15_13-08-46-+0000 {"e":"aggTrade","E":1700053725192,"a":1916836053,"s":"BTCUSDT","p":"36175.00","q":"0.006","f":4291588053,"l":4291588053,"T":1700053725040,"m":false}
2023-11-15_13-08-46-+0000 {"e":"aggTrade","E":1700053725379,"a":1916836054,"s":"BTCUSDT","p":"36175.00","q":"3.357","f":4291588054,"l":4291588057,"T":1700053725227,"m":false}
2023-11-15_13-08-46-+0000 {"e":"aggTrade","E":1700053725534,"a":1916836055,"s":"BTCUSDT","p":"36174.90","q":"0.120","f":4291588058,"l":4291588058,"T":1700053725530,"m":true}
2023-11-15_13-08-46-+0000 {"e":"aggTrade","E":1700053725662,"a":1916836056,"s":"BTCUSDT","p":"36175.00","q":"0.001","f":4291588059,"l":4291588059,"T":1700053725533,"m":false}
2023-11-15_13-08-46-+0000 {"e":"aggTrade","E":1700053725688,"a":1916836057,"s":"BTCUSDT","p":"36174.90","q":"0.500","f":4291588060,"l":4291588060,"T":1700053725661,"m":true}
2023-11-15_13-08-46-+0000 {"e":"aggTrade","E":1700053725706,"a":1916836058,"s":"BTCUSDT","p":"36175.00","q":"0.013","f":4291588061,"l":4291588061,"T":1700053725686,"m":false}
2023-11-15_13-08-46-+0000 {"e":"aggTrade","E":1700053725814,"a":1916836059,"s":"BTCUSDT","p":"36174.90","q":"0.689","f":4291588062,"l":4291588062,"T":1700053725704,"m":true}
2023-11-15_13-08-46-+0000 {"e":"aggTrade","E":1700053725965,"a":1916836060,"s":"BTCUSDT","p":"36174.90","q":"0.262","f":4291588063,"l":4291588066,"T":1700053725813,"m":true}
2023-11-15_13-08-47-+0000 {"e":"aggTrade","E":1700053726187,"a":1916836061,"s":"BTCUSDT","p":"36175.00","q":"0.345","f":4291588067,"l":4291588067,"T":1700053726052,"m":false}
2023-11-15_13-08-47-+0000 {"e":"aggTrade","E":1700053726222,"a":1916836062,"s":"BTCUSDT","p":"36175.00","q":"0.006","f":4291588068,"l":4291588068,"T":1700053726185,"m":false}
2023-11-15_13-08-47-+0000 {"e":"aggTrade","E":1700053726373,"a":1916836063,"s":"BTCUSDT","p":"36174.90","q":"0.819","f":4291588069,"l":4291588076,"T":1700053726221,"m":true}
2023-11-15_13-08-47-+0000 {"e":"aggTrade","E":1700053726818,"a":1916836064,"s":"BTCUSDT","p":"36174.90","q":"0.112","f":4291588077,"l":4291588080,"T":1700053726683,"m":true}
2023-11-15_13-08-47-+0000 {"e":"aggTrade","E":1700053726932,"a":1916836065,"s":"BTCUSDT","p":"36174.90","q":"0.020","f":4291588081,"l":4291588082,"T":1700053726816,"m":true}
2023-11-15_13-08-47-+0000 {"e":"aggTrade","E":1700053727072,"a":1916836066,"s":"BTCUSDT","p":"36174.90","q":"1.069","f":4291588083,"l":4291588094,"T":1700053726931,"m":true}
