2023-11-15_13-08-32-+0000 {"e":"aggTrade","E":1700053711234,"a":387322070,"s":"XRPUSDT","p":"0.6381","q":"19026.0","f":1317916327,"l":1317916365,"T":1700053711081,"m":true}
2023-11-15_13-08-33-+0000 {"e":"aggTrade","E":1700053712206,"a":387322071,"s":"XRPUSDT","p":"0.6380","q":"9886.3","f":1317916366,"l":1317916369,"T":1700053712054,"m":true}
2023-11-15_13-08-33-+0000 {"e":"aggTrade","E":1700053712612,"a":1916835848,"s":"BTCUSDT","p":"36176.00","q":"1.214","f":4291587440,"l":4291587445,"T":1700053712609,"m":true}
2023-11-15_13-08-33-+0000 {"e":"aggTrade","E":1700053712674,"a":387322072,"s":"XRPUSDT","p":"0.6380","q":"846.0","f":1317916370,"l":1317916371,"T":1700053712521,"m":true}
2023-11-15_13-08-34-+0000 {"e":"aggTrade","E":1700053713234,"a":387322073,"s":"XRPUSDT","p":"0.6380","q":"22775.4","f":1317916372,"l":1317916404,"T":1700053713125,"m":true}
2023-11-15_13-08-34-+0000 {"e":"aggTrade","E":1700053713385,"a":387322074,"s":"XRPUSDT","p":"0.6379","q":"4083.0","f":1317916405,"l":1317916405,"T":1700053713232,"m":true}
2023-11-15_13-08-35-+0000 {"e":"aggTrade","E":1700053714836,"a":387322075,"s":"XRPUSDT","p":"0.6380","q":"15300.2","f":1317916406,"l":1317916413,"T":1700053714684,"m":false}
2023-11-15_13-08-36-+0000 {"e":"aggTrade","E":1700053715133,"a":387322076,"s":"XRPUSDT","p":"0.6379","q":"21513.3","f":1317916414,"l":1317916422,"T":1700053715024,"m":true}
2023-11-15_13-08-36-+0000 {"e":"aggTrade","E":1700053715284,"a":387322077,"s":"XRPUSDT","p":"0.6380","q":"7363.3","f":1317916423,"l":1317916431,"T":1700053715131,"m":false}
2023-11-15_13-08-36-+0000 {"e":"aggTrade","E":1700053716073,"a":387322078,"s":"XRPUSDT","p":"0.6380","q":"1266.0","f":1317916432,"l":1317916434,"T":1700053715920,"m":false}
2023-11-15_13-08-37-+0000 {"e":"aggTrade","E":1700053716384,"a":387322079,"s":"XRPUSDT","p":"0.6379","q":"3032.9","f":1317916435,"l":1317916436,"T":1700053716231,"m":true}
2023-11-15_13-08-38-+0000 {"e":"aggTrade","E":1700053717167,"a":387322080,"s":"XRPUSDT","p":"0.6379","q":"2213.3","f":1317916437,"l":1317916437,"T":1700053717015,"m":true}
2023-11-15_13-08-38-+0000 {"e":"aggTrade","E":1700053718000,"a":387322081,"s":"XRPUSDT","p":"0.6379","q":"12307.4","f":1317916438,"l":1317916439,"T":1700053717880,"m":true}
2023-11-15_13-08-38-+0000 {"e":"aggTrade","E":1700053718096,"a":1916835929,"s":"BTCUSDT","p":"36176.00","q":"11.837","f":4291587670,"l":4291587697,"T":1700053718085,"m":false}
2023-11-15_13-08-38-+0000 {"e":"aggTrade","E":1700053718089,"a":387322082,"s":"XRPUSDT","p":"0.6379","q":"249.0","f":1317916440,"l":1317916440,"T":1700053717999,"m":true}
2023-11-15_13-08-39-+0000 {"e":"aggTrade","E":1700053718240,"a":387322083,"s":"XRPUSDT","p":"0.6380","q":"17386.7","f":1317916441,"l":1317916458,"T":1700053718086,"m":false}
2023-11-15_13-08-39-+0000 {"e":"aggTrade","E":1700053718440,"a":387322084,"s":"XRPUSDT","p":"0.6380","q":"1364.6","f":1317916459,"l":1317916460,"T":1700053718287,"m":true}
2023-11-15_13-08-39-+0000 {"e":"aggTrade","E":1700053718775,"a":387322085,"s":"XRPUSDT","p":"0.6380","q":"81.3","f":1317916461,"l":1317916461,"T":1700053718623,"m":true}
2023-11-15_13-08-40-+0000 {"e":"aggTrade","E":1700053719224,"a":387322086,"s":"XRPUSDT","p":"0.6380","q":"449.1","f":1317916462,"l":1317916462,"T":1700053719071,"m":true}
2023-11-15_13-08-40-+0000 {"e":"aggTrade","E":1700053719776,"a":387322087,"s":"XRPUSDT","p":"0.6380","q":"8267.6","f":1317916463,"l":1317916470,"T":1700053719623,"m":true}
2023-11-15_13-08-41-+0000 {"e":"aggTrade","E":1700053720861,"a":387322088,"s":"XRPUSDT","p":"0.6380","q":"10031.2","f":1317916471,"l":1317916475,"T":1700053720708,"m":false}
2023-11-15_13-08-42-+0000 {"e":"aggTrade","E":1700053721361,"a":387322089,"s":"XRPUSDT","p":"0.6379","q":"701.9","f":1317916476,"l":1317916476,"T":1700053721252,"m":true}
2023-11-15_13-08-42-+0000 {"e":"aggTrade","E":1700053721417,"a":387322090,"s":"XRPUSDT","p":"0.6379","q":"691.6","f":1317916477,"l":1317916477,"T":1700053721359,"m":true}
2023-11-15_13-08-42-+0000 {"e":"aggTrade","E":1700053721460,"a":387322091,"s":"XRPUSDT","p":"0.6380","q":"22.4","f":1317916478,"l":1317916478,"T":1700053721416,"m":false}
2023-11-15_13-08-42-+0000 {"e":"aggTrade","E":1700053721611,"a":387322092,"s":"XRPUSDT","p":"0.6379","q":"236.9","f":1317916479,"l":1317916480,"T":1700053721458,"m":true}
2023-11-15_13-08-42-+0000 {"e":"aggTrade","E":1700053721968,"a":387322093,"s":"XRPUSDT","p":"0.6380","q":"86.1","f":1317916481,"l":1317916481,"T":1700053721816,"m":false}
2023-11-15_13-08-43-+0000 {"e":"aggTrade","E":1700053722227,"a":387322094,"s":"XRPUSDT","p":"0.6380","q":"313.4","f":1317916482,"l":1317916482,"T":1700053722086,"m":false}
2023-11-15_13-08-43-+0000 {"e":"aggTrade","E":1700053722379,"a":387322095,"s":"XRPUSDT","p":"0.6380","q":"20783.6","f":1317916483,"l":1317916502,"T":1700053722226,"m":false}
2023-11-15_13-08-43-+0000 {"e":"aggTrade","E":1700053722542,"a":387322096,"s":"XRPUSDT","p":"0.6380","q":"526.0","f":1317916503,"l":1317916503,"T":1700053722408,"m":true}
2023-11-15_13-08-43-+0000 {"e":"aggTrade","E":1700053722693,"a":387322097,"s":"XRPUSDT","p":"0.6380","q":"830.3","f":1317916504,"l":1317916505,"T":1700053722541,"m":true}
2023-11-15_13-08-44-+0000 {"e":"aggTrade","E":1700053723191,"a":387322098,"s":"XRPUSDT","p":"0.6381","q":"7210.0","f":1317916506,"l":1317916601,"T":1700053723085,"m":false}
2023-11-15_13-08-44-+0000 {"e":"aggTrade","E":1700053723342,"a":387322099,"s":"XRPUSDT","p":"0.6381","q":"25768.7","f":1317916602,"l":1317916678,"T":1700053723189,"m":false}
2023-11-15_13-08-44-+0000 {"e":"aggTrade","E":1700053723581,"a":387322100,"s":"XRPUSDT","p":"0.6380","q":"415.1","f":1317916679,"l":1317916680,"T":1700053723428,"m":true}
2023-11-15_13-08-45-+0000 {"e":"aggTrade","E":1700053724148,"a":387322101,"s":"XRPUSDT","p":"0.6381","q":"2825.9","f":1317916681,"l":1317916686,"T":1700053723995,"m":false}
2023-11-15_13-08-45-+0000 {"e":"aggTrade","E":1700053724359,"a":387322102,"s":"XRPUSDT","p":"0.6381","q":"5585.7","f":1317916687,"l":1317916688,"T":1700053724233,"m":true}
2023-11-15_13-08-45-+0000 {"e":"aggTrade","E":1700053724360,"a":387322103,"s":"XRPUSDT","p":"0.6381","q":"29129.5","f":1317916689,"l":1317916702,"T":1700053724358,"m":true}
2023-11-15_13-08-45-+0000 {"e":"aggTrade","E":1700053724511,"a":387322104,"s":"XRPUSDT","p":"0.6380","q":"14746.1","f":1317916703,"l":1317916711,"T":1700053724358,"m":true}
2023-11-15_13-08-46-+0000 {"e":"aggTrade","E":1700053725417,"a":387322105,"s":"XRPUSDT","p":"0.6381","q":"500.0","f":1317916712,"l":1317916712,"T":1700053725264,"m":false}
2023-11-15_13-08-46-+0000 {"e":"aggTrade","E":1700053725717,"a":387322106,"s":"XRPUSDT","p":"0.6380","q":"9.3","f":1317916713,"l":1317916713,"T":1700053725565,"m":true}
