2023-11-15_13-07-12-+0000 {"e":"aggTrade","E":1700053631696,"a":1916834506,"s":"BTCUSDT","p":"36234.00","q":"0.027","f":4291583644,"l":4291583645,"T":1700053631593,"m":false}
2023-11-15_13-07-12-+0000 {"e":"aggTrade","E":1700053631802,"a":1916834507,"s":"BTCUSDT","p":"36234.00","q":"0.015","f":4291583646,"l":4291583646,"T":1700053631695,"m":false}
2023-11-15_13-07-12-+0000 {"e":"aggTrade","E":1700053631942,"a":1916834508,"s":"BTCUSDT","p":"36234.00","q":"0.032","f":4291583647,"l":4291583648,"T":1700053631800,"m":false}
2023-11-15_13-07-12-+0000 {"e":"aggTrade","E":1700053632093,"a":1916834509,"s":"BTCUSDT","p":"36234.00","q":"0.006","f":4291583649,"l":4291583649,"T":1700053631941,"m":false}
2023-11-15_13-07-13-+0000 {"e":"aggTrade","E":1700053632541,"a":1916834510,"s":"BTCUSDT","p":"36233.90","q":"0.050","f":4291583650,"l":4291583651,"T":1700053632389,"m":true}
2023-11-15_13-07-13-+0000 {"e":"aggTrade","E":1700053632874,"a":1916834511,"s":"BTCUSDT","p":"36233.90","q":"0.030","f":4291583652,"l":4291583653,"T":1700053632790,"m":true}
2023-11-15_13-07-13-+0000 {"e":"aggTrade","E":1700053633025,"a":1916834512,"s":"BTCUSDT","p":"36234.00","q":"0.004","f":4291583654,"l":4291583654,"T":1700053632872,"m":false}
2023-11-15_13-07-13-+0000 {"e":"aggTrade","E":1700053633101,"a":1916834513,"s":"BTCUSDT","p":"36233.90","q":"0.087","f":4291583655,"l":4291583658,"T":1700053633035,"m":true}
2023-11-15_13-07-14-+0000 {"e":"aggTrade","E":1700053633231,"a":1916834514,"s":"BTCUSDT","p":"36234.00","q":"0.005","f":4291583659,"l":4291583659,"T":1700053633099,"m":false}
2023-11-15_13-07-14-+0000 {"e":"aggTrade","E":1700053633333,"a":1916834515,"s":"BTCUSDT","p":"36234.00","q":"0.003","f":4291583660,"l":4291583660,"T":1700053633230,"m":false}
2023-11-15_13-07-14-+0000 {"e":"aggTrade","E":1700053633357,"a":1916834516,"s":"BTCUSDT","p":"36233.90","q":"0.716","f":4291583661,"l":4291583669,"T":1700053633331,"m":true}
2023-11-15_13-07-14-+0000 {"e":"aggTrade","E":1700053633508,"a":1916834517,"s":"BTCUSDT","p":"36234.00","q":"0.033","f":4291583670,"l":4291583672,"T":1700053633355,"m":false}
2023-11-15_13-07-14-+0000 {"e":"aggTrade","E":1700053633660,"a":1916834518,"s":"BTCUSDT","p":"36234.00","q":"0.004","f":4291583673,"l":4291583673,"T":1700053633507,"m":false}
2023-11-15_13-07-14-+0000 {"e":"aggTrade","E":1700053633835,"a":1916834519,"s":"BTCUSDT","p":"36234.00","q":"0.003","f":4291583674,"l":4291583674,"T":1700053633833,"m":false}
2023-11-15_13-07-14-+0000 {"e":"aggTrade","E":1700053633886,"a":1916834520,"s":"BTCUSDT","p":"36233.90","q":"0.345","f":4291583675,"l":4291583684,"T":1700053633834,"m":true}
2023-11-15_13-07-14-+0000 {"e":"aggTrade","E":1700053634024,"a":1916834521,"s":"BTCUSDT","p":"36234.00","q":"0.079","f":4291583685,"l":4291583686,"T":1700053633885,"m":false}
2023-11-15_13-07-15-+0000 {"e":"aggTrade","E":1700053634175,"a":1916834522,"s":"BTCUSDT","p":"36233.90","q":"0.082","f":4291583687,"l":4291583689,"T":1700053634023,"m":true}
2023-11-15_13-07-15-+0000 {"e":"aggTrade","E":1700053634494,"a":1916834523,"s":"BTCUSDT","p":"36234.00","q":"0.073","f":4291583690,"l":4291583691,"T":1700053634439,"m":false}
2023-11-15_13-07-15-+0000 {"e":"aggTrade","E":1700053634570,"a":1916834524,"s":"BTCUSDT","p":"36233.90","q":"6.213","f":4291583692,"l":4291583732,"T":1700053634492,"m":true}
2023-11-15_13-07-15-+0000 {"e":"aggTrade","E":1700053634570,"a":1916834525,"s":"BTCUSDT","p":"36233.80","q":"0.003","f":4291583733,"l":4291583733,"T":1700053634567,"m":true}
2023-11-15_13-07-15-+0000 {"e":"aggTrade","E":1700053634570,"a":1916834526,"s":"BTCUSDT","p":"36233.60","q":"0.086","f":4291583734,"l":4291583735,"T":1700053634567,"m":true}
2023-11-15_13-07-15-+0000 {"e":"aggTrade","E":1700053634570,"a":1916834527,"s":"BTCUSDT","p":"36233.50","q":"0.010","f":4291583736,"l":4291583736,"T":1700053634568,"m":true}
2023-11-15_13-07-15-+0000 {"e":"aggTrade","E":1700053634570,"a":1916834528,"s":"BTCUSDT","p":"36233.40","q":"0.005","f":4291583737,"l":4291583737,"T":1700053634568,"m":true}
2023-11-15_13-07-15-+0000 {"e":"aggTrade","E":1700053634570,"a":1916834529,"s":"BTCUSDT","p":"36233.20","q":"0.010","f":4291583738,"l":4291583739,"T":1700053634568,"m":true}
2023-11-15_13-07-15-+0000 {"e":"aggTrade","E":1700053634570,"a":1916834530,"s":"BTCUSDT","p":"36233.10","q":"0.062","f":4291583740,"l":4291583740,"T":1700053634568,"m":true}
2023-11-15_13-07-15-+0000 {"e":"aggTrade","E":1700053634591,"a":1916834531,"s":"BTCUSDT","p":"36233.00","q":"0.010","f":4291583741,"l":4291583741,"T":1700053634568,"m":true}
2023-11-15_13-07-15-+0000 {"e":"aggTrade","E":1700053634620,"a":1916834532,"s":"BTCUSDT","p":"36232.80","q":"0.370","f":4291583742,"l":4291583746,"T":1700053634589,"m":true}
2023-11-15_13-07-15-+0000 {"e":"aggTrade","E":1700053634768,"a":1916834533,"s":"BTCUSDT","p":"36232.80","q":"0.002","f":4291583747,"l":4291583747,"T":1700053634619,"m":false}
2023-11-15_13-07-16-+0000 {"e":"aggTrade","E":1700053635182,"a":1916834536,"s":"BTCUSDT","p":"36232.70","q":"0.044","f":4291583750,"l":4291583750,"T":1700053635138,"m":true}
2023-11-15_13-07-16-+0000 {"e":"aggTrade","E":1700053635273,"a":1916834537,"s":"BTCUSDT","p":"36232.80","q":"0.003","f":4291583751,"l":4291583751,"T":1700053635181,"m":false}
2023-11-15_13-07-16-+0000 {"e":"aggTrade","E":1700053635340,"a":1916834538,"s":"BTCUSDT","p":"36232.70","q":"0.132","f":4291583752,"l":4291583753,"T":1700053635272,"m":true}
2023-11-15_13-07-16-+0000 {"e":"aggTrade","E":1700053635465,"a":1916834539,"s":"BTCUSDT","p":"36232.80","q":"0.012","f":4291583754,"l":4291583754,"T":1700053635339,"m":false}
2023-11-15_13-07-16-+0000 {"e":"aggTrade","E":1700053635616,"a":1916834540,"s":"BTCUSDT","p":"36232.80","q":"0.091","f":4291583755,"l":4291583755,"T":1700053635464,"m":false}
2023-11-15_13-07-17-+0000 {"e":"aggTrade","E":1700053636178,"a":1916834541,"s":"BTCUSDT","p":"36232.80","q":"0.004","f":4291583756,"l":4291583756,"T":1700053636026,"m":false}
2023-11-15_13-07-17-+0000 {"e":"aggTrade","E":1700053636266,"a":1916834542,"s":"BTCUSDT","p":"36232.80","q":"5.961","f":4291583757,"l":4291583790,"T":1700053636258,"m":false}
2023-11-15_13-07-17-+0000 {"e":"aggTrade","E":1700053636266,"a":1916834543,"s":"BTCUSDT","p":"36232.90","q":"0.016","f":4291583791,"l":4291583792,"T":1700053636264,"m":false}
2023-11-15_13-07-17-+0000 {"e":"aggTrade","E":1700053636272,"a":1916834544,"s":"BTCUSDT","p":"36233.00","q":"2.651","f":4291583793,"l":4291583795,"T":1700053636264,"m":false}
2023-11-15_13-07-17-+0000 {"e":"aggTrade","E":1700053636272,"a":1916834545,"s":"BTCUSDT","p":"36233.10","q":"0.005","f":4291583796,"l":4291583796,"T":1700053636270,"m":false}
2023-11-15_13-07-17-+0000 {"e":"aggTrade","E":1700053636272,"a":1916834546,"s":"BTCUSDT","p":"36233.60","q":"0.003","f":4291583797,"l":4291583797,"T":1700053636270,"m":false}
2023-11-15_13-07-17-+0000 {"e":"aggTrade","E":1700053636423,"a":1916834547,"s":"BTCUSDT","p":"36233.70","q":"0.438","f":4291583798,"l":4291583798,"T":1700053636270,"m":false}
2023-11-15_13-07-17-+0000 {"e":"aggTrade","E":1700053636577,"a":1916834548,"s":"BTCUSDT","p":"36233.90","q":"0.024","f":4291583799,"l":4291583799,"T":1700053636424,"m":true}
2023-11-15_13-07-17-+0000 {"e":"aggTrade","E":1700053636717,"a":1916834549,"s":"BTCUSDT","p":"36234.00","q":"0.003","f":4291583800,"l":4291583800,"T":1700053636696,"m":false}
2023-11-15_13-07-17-+0000 {"e":"aggTrade","E":1700053636746,"a":1916834550,"s":"BTCUSDT","p":"36233.90","q":"1.200","f":4291583801,"l":4291583804,"T":1700053636715,"m":true}
2023-11-15_13-07-17-+0000 {"e":"aggTrade","E":1700053636848,"a":1916834551,"s":"BTCUSDT","p":"36234.00","q":"0.110","f":4291583805,"l":4291583806,"T":1700053636746,"m":false}
2023-11-15_13-07-17-+0000 {"e":"aggTrade","E":1700053636999,"a":1916834552,"s":"BTCUSDT","p":"36234.00","q":"0.067","f":4291583807,"l":4291583808,"T":1700053636847,"m":false}
2023-11-15_13-07-17-+0000 {"e":"aggTrade","E":1700053637068,"a":1916834553,"s":"BTCUSDT","p":"36233.90","q":"1.379","f":4291583809,"l":4291583810,"T":1700053637024,"m":true}
2023-11-15_13-07-18-+0000 {"e":"aggTrade","E":1700053637219,"a":1916834554,"s":"BTCUSDT","p":"36234.00","q":"0.059","f":4291583811,"l":4291583812,"T":1700053637067,"m":false}
2023-11-15_13-07-18-+0000 {"e":"aggTrade","E":1700053637450,"a":1916834555,"s":"BTCUSDT","p":"36234.00","q":"0.055","f":4291583813,"l":4291583813,"T":1700053637297,"m":false}
2023-11-15_13-07-18-+0000 {"e":"aggTrade","E":1700053637650,"a":1916834556,"s":"BTCUSDT","p":"36234.00","q":"0.058","f":4291583814,"l":4291583815,"T":1700053637526,"m":false}
2023-11-15_13-07-18-+0000 {"e":"aggTrade","E":1700053637759,"a":1916834557,"s":"BTCUSDT","p":"36234.00","q":"0.128","f":4291583816,"l":4291583817,"T":1700053637649,"m":false}
2023-11-15_13-07-18-+0000 {"e":"aggTrade","E":1700053637910,"a":1916834558,"s":"BTCUSDT","p":"36234.00","q":"0.055","f":4291583818,"l":4291583818,"T":1700053637758,"m":false}
2023-11-15_13-07-18-+0000 {"e":"aggTrade","E":1700053638048,"a":1916834559,"s":"BTCUSDT","p":"36234.00","q":"0.055","f":4291583819,"l":4291583819,"T":1700053637930,"m":false}
2023-11-15_13-07-19-+0000 {"e":"aggTrade","E":1700053638140,"a":1916834560,"s":"BTCUSDT","p":"36233.90","q":"0.010","f":4291583820,"l":4291583820,"T":1700053638046,"m":true}
2023-11-15_13-07-19-+0000 {"e":"aggTrade","E":1700053638262,"a":1916834561,"s":"BTCUSDT","p":"36234.00","q":"0.056","f":4291583821,"l":4291583821,"T":1700053638136,"m":false}
2023-11-15_13-07-19-+0000 {"e":"aggTrade","E":1700053638270,"a":1916834562,"s":"BTCUSDT","p":"36233.90","q":"0.271","f":4291583822,"l":4291583822,"T":1700053638261,"m":true}
2023-11-15_13-07-19-+0000 {"e":"aggTrade","E":1700053638380,"a":1916834563,"s":"BTCUSDT","p":"36234.00","q":"0.136","f":4291583823,"l":4291583824,"T":1700053638269,"m":false}
2023-11-15_13-07-19-+0000 {"e":"aggTrade","E":1700053638411,"a":1916834564,"s":"BTCUSDT","p":"36233.90","q":"0.062","f":4291583825,"l":4291583825,"T":1700053638379,"m":true}
2023-11-15_13-07-19-+0000 {"e":"aggTrade","E":1700053638562,"a":1916834565,"s":"BTCUSDT","p":"36234.00","q":"0.074","f":4291583826,"l":4291583827,"T":1700053638409,"m":false}
2023-11-15_13-07-19-+0000 {"e":"aggTrade","E":1700053638720,"a":1916834566,"s":"BTCUSDT","p":"36234.00","q":"0.078","f":4291583828,"l":4291583829,"T":1700053638567,"m":false}
2023-11-15_13-07-19-+0000 {"e":"aggTrade","E":1700053639017,"a":1916834567,"s":"BTCUSDT","p":"36234.00","q":"1.077","f":4291583830,"l":4291583832,"T":1700053638893,"m":false}
2023-11-15_13-07-19-+0000 {"e":"aggTrade","E":1700053639024,"a":1916834568,"s":"BTCUSDT","p":"36234.00","q":"3.055","f":4291583833,"l":4291583845,"T":1700053639016,"m":false}
2023-11-15_13-07-19-+0000 {"e":"aggTrade","E":1700053639024,"a":1916834569,"s":"BTCUSDT","p":"36234.10","q":"0.006","f":4291583846,"l":4291583847,"T":1700053639022,"m":false}
2023-11-15_13-07-19-+0000 {"e":"aggTrade","E":1700053639025,"a":1916834570,"s":"BTCUSDT","p":"36234.50","q":"0.010","f":4291583848,"l":4291583848,"T":1700053639022,"m":false}
2023-11-15_13-07-19-+0000 {"e":"aggTrade","E":1700053639092,"a":1916834571,"s":"BTCUSDT","p":"36234.90","q":"0.942","f":4291583849,"l":4291583853,"T":1700053639023,"m":false}
2023-11-15_13-07-19-+0000 {"e":"aggTrade","E":1700053639093,"a":1916834572,"s":"BTCUSDT","p":"36234.90","q":"0.003","f":4291583854,"l":4291583854,"T":1700053639090,"m":true}
2023-11-15_13-07-20-+0000 {"e":"aggTrade","E":1700053639166,"a":1916834573,"s":"BTCUSDT","p":"36235.00","q":"2.587","f":4291583855,"l":4291583860,"T":1700053639091,"m":false}
2023-11-15_13-07-20-+0000 {"e":"aggTrade","E":1700053639230,"a":1916834574,"s":"BTCUSDT","p":"36234.90","q":"0.035","f":4291583861,"l":4291583862,"T":1700053639164,"m":true}
2023-11-15_13-07-20-+0000 {"e":"aggTrade","E":1700053639231,"a":1916834575,"s":"BTCUSDT","p":"36235.00","q":"0.021","f":4291583863,"l":4291583863,"T":1700053639228,"m":false}
2023-11-15_13-07-20-+0000 {"e":"aggTrade","E":1700053639231,"a":1916834576,"s":"BTCUSDT","p":"36234.90","q":"15.425","f":4291583864,"l":4291583923,"T":1700053639228,"m":true}
2023-11-15_13-07-20-+0000 {"e":"aggTrade","E":1700053639231,"a":1916834577,"s":"BTCUSDT","p":"36234.80","q":"1.157","f":4291583924,"l":4291583933,"T":1700053639228,"m":true}
2023-11-15_13-07-20-+0000 {"e":"aggTrade","E":1700053639231,"a":1916834578,"s":"BTCUSDT","p":"36234.40","q":"0.696","f":4291583934,"l":4291583934,"T":1700053639228,"m":true}
2023-11-15_13-07-20-+0000 {"e":"aggTrade","E":1700053639231,"a":1916834579,"s":"BTCUSDT","p":"36234.10","q":"0.082","f":4291583935,"l":4291583935,"T":1700053639228,"m":true}
2023-11-15_13-07-20-+0000 {"e":"aggTrade","E":1700053639231,"a":1916834580,"s":"BTCUSDT","p":"36234.00","q":"0.202","f":4291583936,"l":4291583937,"T":1700053639228,"m":true}
2023-11-15_13-07-20-+0000 {"e":"aggTrade","E":1700053639231,"a":1916834581,"s":"BTCUSDT","p":"36233.90","q":"1.701","f":4291583938,"l":4291583965,"T":1700053639228,"m":true}
2023-11-15_13-07-20-+0000 {"e":"aggTrade","E":1700053639231,"a":1916834583,"s":"BTCUSDT","p":"36233.60","q":"0.110","f":4291583968,"l":4291583969,"T":1700053639228,"m":true}
2023-11-15_13-07-20-+0000 {"e":"aggTrade","E":1700053639231,"a":1916834584,"s":"BTCUSDT","p":"36233.50","q":"0.082","f":4291583970,"l":4291583970,"T":1700053639228,"m":true}
2023-11-15_13-07-20-+0000 {"e":"aggTrade","E":1700053639231,"a":1916834585,"s":"BTCUSDT","p":"36233.20","q":"0.005","f":4291583971,"l":4291583971,"T":1700053639228,"m":true}
2023-11-15_13-07-20-+0000 {"e":"aggTrade","E":1700053639232,"a":1916834586,"s":"BTCUSDT","p":"36233.10","q":"0.484","f":4291583972,"l":4291583974,"T":1700053639228,"m":true}
2023-11-15_13-07-20-+0000 {"e":"aggTrade","E":1700053639232,"a":1916834587,"s":"BTCUSDT","p":"36233.00","q":"0.150","f":4291583975,"l":4291583977,"T":1700053639228,"m":true}
2023-11-15_13-07-20-+0000 {"e":"aggTrade","E":1700053639232,"a":1916834588,"s":"BTCUSDT","p":"36232.90","q":"2.699","f":4291583978,"l":4291583984,"T":1700053639228,"m":true}
2023-11-15_13-07-20-+0000 {"e":"aggTrade","E":1700053639232,"a":1916834589,"s":"BTCUSDT","p":"36232.80","q":"5.000","f":4291583985,"l":4291583986,"T":1700053639228,"m":true}
2023-11-15_13-07-20-+0000 {"e":"aggTrade","E":1700053639243,"a":1421457740,"s":"ETHUSDT","p":"2019.70","q":"0.615","f":3361692904,"l":3361692905,"T":1700053639239,"m":true}
2023-11-15_13-07-20-+0000 {"e":"aggTrade","E":1700053639256,"a":1916834590,"s":"BTCUSDT","p":"36232.70","q":"53.766","f":4291583987,"l":4291584008,"T":1700053639228,"m":true}
2023-11-15_13-07-20-+0000 {"e":"aggTrade","E":1700053639256,"a":1916834591,"s":"BTCUSDT","p":"36232.50","q":"0.018","f":4291584009,"l":4291584010,"T":1700053639249,"m":true}
2023-11-15_13-07-20-+0000 {"e":"aggTrade","E":1700053639256,"a":1916834592,"s":"BTCUSDT","p":"36232.20","q":"0.067","f":4291584011,"l":4291584012,"T":1700053639249,"m":true}
2023-11-15_13-07-20-+0000 {"e":"aggTrade","E":1700053639256,"a":1916834593,"s":"BTCUSDT","p":"36232.10","q":"0.119","f":4291584013,"l":4291584016,"T":1700053639249,"m":true}
2023-11-15_13-07-20-+0000 {"e":"aggTrade","E":1700053639256,"a":1916834594,"s":"BTCUSDT","p":"36232.00","q":"0.010","f":4291584017,"l":4291584017,"T":1700053639249,"m":true}
2023-11-15_13-07-20-+0000 {"e":"aggTrade","E":1700053639251,"a":1421457745,"s":"ETHUSDT","p":"2019.63","q":"0.464","f":3361692924,"l":3361692925,"T":1700053639245,"m":true}
2023-11-15_13-07-20-+0000 {"e":"aggTrade","E":1700053639256,"a":1916834595,"s":"BTCUSDT","p":"36231.90","q":"0.044","f":4291584018,"l":4291584018,"T":1700053639249,"m":true}
2023-11-15_13-07-20-+0000 {"e":"aggTrade","E":1700053639280,"a":1421457746,"s":"ETHUSDT","p":"2019.61","q":"0.428","f":3361692926,"l":3361692927,"T":1700053639245,"m":true}
2023-11-15_13-07-20-+0000 {"e":"aggTrade","E":1700053639256,"a":1916834596,"s":"BTCUSDT","p":"36231.80","q":"0.020","f":4291584019,"l":4291584019,"T":1700053639249,"m":true}
2023-11-15_13-07-20-+0000 {"e":"aggTrade","E":1700053639280,"a":1421457747,"s":"ETHUSDT","p":"2019.57","q":"1.981","f":3361692928,"l":3361692928,"T":1700053639273,"m":true}
2023-11-15_13-07-20-+0000 {"e":"aggTrade","E":1700053639256,"a":1916834597,"s":"BTCUSDT","p":"36231.50","q":"0.013","f":4291584020,"l":4291584021,"T":1700053639249,"m":true}
2023-11-15_13-07-20-+0000 {"e":"aggTrade","E":1700053639256,"a":1916834598,"s":"BTCUSDT","p":"36231.10","q":"0.024","f":4291584022,"l":4291584023,"T":1700053639249,"m":true}
2023-11-15_13-07-20-+0000 {"e":"aggTrade","E":1700053639256,"a":1916834599,"s":"BTCUSDT","p":"36231.00","q":"0.010","f":4291584024,"l":4291584024,"T":1700053639249,"m":true}
2023-11-15_13-07-20-+0000 {"e":"aggTrade","E":1700053639256,"a":1916834600,"s":"BTCUSDT","p":"36230.60","q":"0.003","f":4291584025,"l":4291584025,"T":1700053639249,"m":true}
2023-11-15_13-07-20-+0000 {"e":"aggTrade","E":1700053639257,"a":1916834602,"s":"BTCUSDT","p":"36230.40","q":"0.010","f":4291584027,"l":4291584027,"T":1700053639249,"m":true}
2023-11-15_13-07-20-+0000 {"e":"aggTrade","E":1700053639308,"a":1421457749,"s":"ETHUSDT","p":"2019.55","q":"0.300","f":3361692932,"l":3361692932,"T":1700053639305,"m":true}
2023-11-15_13-07-20-+0000 {"e":"aggTrade","E":1700053639257,"a":1916834603,"s":"BTCUSDT","p":"36230.20","q":"0.026","f":4291584028,"l":4291584029,"T":1700053639250,"m":true}
2023-11-15_13-07-20-+0000 {"e":"aggTrade","E":1700053639308,"a":1421457750,"s":"ETHUSDT","p":"2019.54","q":"0.231","f":3361692933,"l":3361692934,"T":1700053639305,"m":true}
2023-11-15_13-07-20-+0000 {"e":"aggTrade","E":1700053639271,"a":1916834604,"s":"BTCUSDT","p":"36230.10","q":"0.320","f":4291584030,"l":4291584033,"T":1700053639250,"m":true}
2023-11-15_13-07-20-+0000 {"e":"aggTrade","E":1700053639272,"a":1916834605,"s":"BTCUSDT","p":"36230.00","q":"1.353","f":4291584034,"l":4291584037,"T":1700053639264,"m":true}
2023-11-15_13-07-20-+0000 {"e":"aggTrade","E":1700053639343,"a":1916834606,"s":"BTCUSDT","p":"36229.80","q":"0.785","f":4291584038,"l":4291584047,"T":1700053639265,"m":true}
2023-11-15_13-07-20-+0000 {"e":"aggTrade","E":1700053639343,"a":1916834607,"s":"BTCUSDT","p":"36229.60","q":"0.025","f":4291584048,"l":4291584049,"T":1700053639339,"m":true}
2023-11-15_13-07-20-+0000 {"e":"aggTrade","E":1700053639343,"a":1916834608,"s":"BTCUSDT","p":"36229.50","q":"0.128","f":4291584050,"l":4291584052,"T":1700053639339,"m":true}
2023-11-15_13-07-20-+0000 {"e":"aggTrade","E":1700053639343,"a":1916834609,"s":"BTCUSDT","p":"36229.30","q":"0.003","f":4291584053,"l":4291584053,"T":1700053639339,"m":true}
2023-11-15_13-07-20-+0000 {"e":"aggTrade","E":1700053639343,"a":1916834610,"s":"BTCUSDT","p":"36229.00","q":"0.013","f":4291584054,"l":4291584055,"T":1700053639339,"m":true}
2023-11-15_13-07-20-+0000 {"e":"aggTrade","E":1700053639343,"a":1916834611,"s":"BTCUSDT","p":"36228.90","q":"0.080","f":4291584056,"l":4291584056,"T":1700053639339,"m":true}
2023-11-15_13-07-20-+0000 {"e":"aggTrade","E":1700053639343,"a":1916834612,"s":"BTCUSDT","p":"36228.70","q":"0.003","f":4291584057,"l":4291584057,"T":1700053639339,"m":true}
2023-11-15_13-07-20-+0000 {"e":"aggTrade","E":1700053639343,"a":1916834613,"s":"BTCUSDT","p":"36228.60","q":"0.148","f":4291584058,"l":4291584061,"T":1700053639339,"m":true}
2023-11-15_13-07-20-+0000 {"e":"aggTrade","E":1700053639343,"a":1916834614,"s":"BTCUSDT","p":"36228.50","q":"0.010","f":4291584062,"l":4291584062,"T":1700053639339,"m":true}
2023-11-15_13-07-20-+0000 {"e":"aggTrade","E":1700053639343,"a":1916834615,"s":"BTCUSDT","p":"36228.30","q":"0.004","f":4291584063,"l":4291584063,"T":1700053639339,"m":true}
2023-11-15_13-07-20-+0000 {"e":"aggTrade","E":1700053639343,"a":1916834616,"s":"BTCUSDT","p":"36228.10","q":"0.006","f":4291584064,"l":4291584064,"T":1700053639339,"m":true}
2023-11-15_13-07-20-+0000 {"e":"aggTrade","E":1700053639343,"a":1916834617,"s":"BTCUSDT","p":"36228.00","q":"5.005","f":4291584065,"l":4291584066,"T":1700053639339,"m":true}
2023-11-15_13-07-20-+0000 {"e":"aggTrade","E":1700053639400,"a":1916834618,"s":"BTCUSDT","p":"36227.80","q":"0.085","f":4291584067,"l":4291584068,"T":1700053639339,"m":true}
2023-11-15_13-07-20-+0000 {"e":"aggTrade","E":1700053639429,"a":1916834619,"s":"BTCUSDT","p":"36227.70","q":"0.711","f":4291584069,"l":4291584076,"T":1700053639398,"m":true}
2023-11-15_13-07-20-+0000 {"e":"aggTrade","E":1700053639519,"a":1916834620,"s":"BTCUSDT","p":"36227.80","q":"0.088","f":4291584077,"l":4291584079,"T":1700053639428,"m":false}
2023-11-15_13-07-20-+0000 {"e":"aggTrade","E":1700053639670,"a":1916834621,"s":"BTCUSDT","p":"36227.70","q":"0.026","f":4291584080,"l":4291584081,"T":1700053639517,"m":true}
2023-11-15_13-07-20-+0000 {"e":"aggTrade","E":1700053639890,"a":1916834622,"s":"BTCUSDT","p":"36227.70","q":"0.036","f":4291584082,"l":4291584082,"T":1700053639738,"m":true}
2023-11-15_13-07-20-+0000 {"e":"aggTrade","E":1700053640023,"a":1916834623,"s":"BTCUSDT","p":"36227.80","q":"0.015","f":4291584083,"l":4291584083,"T":1700053639968,"m":false}
2023-11-15_13-07-20-+0000 {"e":"aggTrade","E":1700053640046,"a":1916834624,"s":"BTCUSDT","p":"36227.70","q":"0.800","f":4291584084,"l":4291584089,"T":1700053640022,"m":true}
2023-11-15_13-07-21-+0000 {"e":"aggTrade","E":1700053640197,"a":1916834625,"s":"BTCUSDT","p":"36227.80","q":"1.000","f":4291584090,"l":4291584104,"T":1700053640045,"m":false}
2023-11-15_13-07-21-+0000 {"e":"aggTrade","E":1700053640362,"a":1916834626,"s":"BTCUSDT","p":"36227.80","q":"0.110","f":4291584105,"l":4291584108,"T":1700053640209,"m":false}
2023-11-15_13-07-21-+0000 {"e":"aggTrade","E":1700053640592,"a":1916834627,"s":"BTCUSDT","p":"36227.80","q":"0.003","f":4291584109,"l":4291584109,"T":1700053640440,"m":false}
2023-11-15_13-07-21-+0000 {"e":"aggTrade","E":1700053640927,"a":1916834629,"s":"BTCUSDT","p":"36227.70","q":"0.008","f":4291584113,"l":4291584113,"T":1700053640803,"m":true}
2023-11-15_13-07-21-+0000 {"e":"aggTrade","E":1700053641077,"a":1421457785,"s":"ETHUSDT","p":"2019.83","q":"8.241","f":3361693074,"l":3361693079,"T":1700053641056,"m":true}
2023-11-15_13-07-21-+0000 {"e":"aggTrade","E":1700053641078,"a":1916834630,"s":"BTCUSDT","p":"36227.80","q":"0.037","f":4291584114,"l":4291584115,"T":1700053640925,"m":false}
2023-11-15_13-07-22-+0000 {"e":"aggTrade","E":1700053641153,"a":1916834631,"s":"BTCUSDT","p":"36227.80","q":"0.167","f":4291584116,"l":4291584123,"T":1700053641151,"m":false}
2023-11-15_13-07-22-+0000 {"e":"aggTrade","E":1700053641153,"a":1916834632,"s":"BTCUSDT","p":"36227.90","q":"0.056","f":4291584124,"l":4291584125,"T":1700053641151,"m":false}
2023-11-15_13-07-22-+0000 {"e":"aggTrade","E":1700053641153,"a":1916834633,"s":"BTCUSDT","p":"36228.60","q":"0.003","f":4291584126,"l":4291584126,"T":1700053641151,"m":false}
2023-11-15_13-07-22-+0000 {"e":"aggTrade","E":1700053641153,"a":1916834634,"s":"BTCUSDT","p":"36229.50","q":"0.009","f":4291584127,"l":4291584128,"T":1700053641151,"m":false}
2023-11-15_13-07-22-+0000 {"e":"aggTrade","E":1700053641153,"a":1916834635,"s":"BTCUSDT","p":"36229.60","q":"0.003","f":4291584129,"l":4291584129,"T":1700053641151,"m":false}
2023-11-15_13-07-22-+0000 {"e":"aggTrade","E":1700053641153,"a":1916834636,"s":"BTCUSDT","p":"36230.00","q":"0.010","f":4291584130,"l":4291584130,"T":1700053641151,"m":false}
2023-11-15_13-07-22-+0000 {"e":"aggTrade","E":1700053641153,"a":1916834637,"s":"BTCUSDT","p":"36230.20","q":"0.003","f":4291584131,"l":4291584131,"T":1700053641151,"m":false}
2023-11-15_13-07-22-+0000 {"e":"aggTrade","E":1700053641153,"a":1916834638,"s":"BTCUSDT","p":"36230.50","q":"0.010","f":4291584132,"l":4291584132,"T":1700053641151,"m":false}
2023-11-15_13-07-22-+0000 {"e":"aggTrade","E":1700053641153,"a":1916834639,"s":"BTCUSDT","p":"36230.70","q":"0.030","f":4291584133,"l":4291584133,"T":1700053641151,"m":false}
2023-11-15_13-07-22-+0000 {"e":"aggTrade","E":1700053641182,"a":1916834640,"s":"BTCUSDT","p":"36231.00","q":"0.209","f":4291584134,"l":4291584135,"T":1700053641151,"m":false}
2023-11-15_13-07-22-+0000 {"e":"aggTrade","E":1700053641301,"a":1916834641,"s":"BTCUSDT","p":"36231.30","q":"0.275","f":4291584136,"l":4291584138,"T":1700053641180,"m":false}
2023-11-15_13-07-22-+0000 {"e":"aggTrade","E":1700053641452,"a":1916834642,"s":"BTCUSDT","p":"36231.20","q":"0.052","f":4291584139,"l":4291584139,"T":1700053641299,"m":true}
2023-11-15_13-07-22-+0000 {"e":"aggTrade","E":1700053641792,"a":1916834643,"s":"BTCUSDT","p":"36231.20","q":"0.036","f":4291584140,"l":4291584141,"T":1700053641639,"m":true}
2023-11-15_13-07-22-+0000 {"e":"aggTrade","E":1700053642005,"a":1916834644,"s":"BTCUSDT","p":"36231.20","q":"0.319","f":4291584142,"l":4291584142,"T":1700053641868,"m":true}
2023-11-15_13-07-23-+0000 {"e":"aggTrade","E":1700053642156,"a":1916834645,"s":"BTCUSDT","p":"36231.30","q":"0.005","f":4291584143,"l":4291584143,"T":1700053642004,"m":false}
2023-11-15_13-07-23-+0000 {"e":"aggTrade","E":1700053642221,"a":1421457791,"s":"ETHUSDT","p":"2019.73","q":"0.954","f":3361693093,"l":3361693102,"T":1700053642215,"m":true}
2023-11-15_13-07-23-+0000 {"e":"aggTrade","E":1700053642226,"a":1916834646,"s":"BTCUSDT","p":"36231.20","q":"2.577","f":4291584144,"l":4291584154,"T":1700053642223,"m":true}
2023-11-15_13-07-23-+0000 {"e":"aggTrade","E":1700053642221,"a":1421457792,"s":"ETHUSDT","p":"2019.72","q":"0.025","f":3361693103,"l":3361693105,"T":1700053642219,"m":true}
2023-11-15_13-07-23-+0000 {"e":"aggTrade","E":1700053642227,"a":1916834647,"s":"BTCUSDT","p":"36231.10","q":"0.141","f":4291584155,"l":4291584156,"T":1700053642223,"m":true}
2023-11-15_13-07-23-+0000 {"e":"aggTrade","E":1700053642221,"a":1421457793,"s":"ETHUSDT","p":"2019.70","q":"0.013","f":3361693106,"l":3361693107,"T":1700053642219,"m":true}
2023-11-15_13-07-23-+0000 {"e":"aggTrade","E":1700053642227,"a":1916834648,"s":"BTCUSDT","p":"36230.50","q":"0.010","f":4291584157,"l":4291584157,"T":1700053642225,"m":true}
2023-11-15_13-07-23-+0000 {"e":"aggTrade","E":1700053642227,"a":1916834649,"s":"BTCUSDT","p":"36230.30","q":"0.062","f":4291584158,"l":4291584158,"T":1700053642225,"m":true}
2023-11-15_13-07-23-+0000 {"e":"aggTrade","E":1700053642227,"a":1916834650,"s":"BTCUSDT","p":"36230.00","q":"0.010","f":4291584159,"l":4291584159,"T":1700053642225,"m":true}
2023-11-15_13-07-23-+0000 {"e":"aggTrade","E":1700053642227,"a":1916834651,"s":"BTCUSDT","p":"36229.90","q":"0.085","f":4291584160,"l":4291584161,"T":1700053642225,"m":true}
2023-11-15_13-07-23-+0000 {"e":"aggTrade","E":1700053642227,"a":1916834652,"s":"BTCUSDT","p":"36229.80","q":"0.020","f":4291584162,"l":4291584162,"T":1700053642225,"m":true}
2023-11-15_13-07-23-+0000 {"e":"aggTrade","E":1700053642227,"a":1916834653,"s":"BTCUSDT","p":"36229.60","q":"0.005","f":4291584163,"l":4291584163,"T":1700053642225,"m":true}
2023-11-15_13-07-23-+0000 {"e":"aggTrade","E":1700053642227,"a":1916834654,"s":"BTCUSDT","p":"36229.50","q":"0.076","f":4291584164,"l":4291584166,"T":1700053642225,"m":true}
2023-11-15_13-07-23-+0000 {"e":"aggTrade","E":1700053642227,"a":1916834655,"s":"BTCUSDT","p":"36229.30","q":"0.003","f":4291584167,"l":4291584167,"T":1700053642225,"m":true}
2023-11-15_13-07-23-+0000 {"e":"aggTrade","E":1700053642251,"a":1421457794,"s":"ETHUSDT","p":"2019.68","q":"0.010","f":3361693108,"l":3361693109,"T":1700053642219,"m":true}
2023-11-15_13-07-23-+0000 {"e":"aggTrade","E":1700053642227,"a":1916834656,"s":"BTCUSDT","p":"36229.20","q":"0.082","f":4291584168,"l":4291584168,"T":1700053642225,"m":true}
2023-11-15_13-07-23-+0000 {"e":"aggTrade","E":1700053642251,"a":1421457795,"s":"ETHUSDT","p":"2019.55","q":"0.917","f":3361693110,"l":3361693110,"T":1700053642248,"m":true}
2023-11-15_13-07-23-+0000 {"e":"aggTrade","E":1700053642227,"a":1916834657,"s":"BTCUSDT","p":"36229.00","q":"0.010","f":4291584169,"l":4291584169,"T":1700053642225,"m":true}
2023-11-15_13-07-23-+0000 {"e":"aggTrade","E":1700053642227,"a":1916834658,"s":"BTCUSDT","p":"36228.80","q":"0.335","f":4291584170,"l":4291584171,"T":1700053642225,"m":true}
2023-11-15_13-07-23-+0000 {"e":"aggTrade","E":1700053642227,"a":1916834659,"s":"BTCUSDT","p":"36228.70","q":"1.600","f":4291584172,"l":4291584174,"T":1700053642225,"m":true}
2023-11-15_13-07-23-+0000 {"e":"aggTrade","E":1700053642227,"a":1916834660,"s":"BTCUSDT","p":"36228.60","q":"0.062","f":4291584175,"l":4291584175,"T":1700053642225,"m":true}
2023-11-15_13-07-23-+0000 {"e":"aggTrade","E":1700053642227,"a":1916834661,"s":"BTCUSDT","p":"36228.50","q":"0.010","f":4291584176,"l":4291584176,"T":1700053642225,"m":true}
2023-11-15_13-07-23-+0000 {"e":"aggTrade","E":1700053642227,"a":1916834662,"s":"BTCUSDT","p":"36228.40","q":"0.003","f":4291584177,"l":4291584177,"T":1700053642225,"m":true}
2023-11-15_13-07-23-+0000 {"e":"aggTrade","E":1700053642269,"a":1421457796,"s":"ETHUSDT","p":"2019.51","q":"1.336","f":3361693111,"l":3361693116,"T":1700053642248,"m":true}
2023-11-15_13-07-23-+0000 {"e":"aggTrade","E":1700053642227,"a":1916834663,"s":"BTCUSDT","p":"36228.00","q":"0.153","f":4291584178,"l":4291584180,"T":1700053642225,"m":true}
2023-11-15_13-07-23-+0000 {"e":"aggTrade","E":1700053642227,"a":1916834664,"s":"BTCUSDT","p":"36227.90","q":"0.082","f":4291584181,"l":4291584181,"T":1700053642225,"m":true}
2023-11-15_13-07-23-+0000 {"e":"aggTrade","E":1700053642227,"a":1916834665,"s":"BTCUSDT","p":"36227.80","q":"0.005","f":4291584182,"l":4291584182,"T":1700053642225,"m":true}
2023-11-15_13-07-23-+0000 {"e":"aggTrade","E":1700053642292,"a":1421457797,"s":"ETHUSDT","p":"2019.50","q":"0.052","f":3361693117,"l":3361693121,"T":1700053642267,"m":true}
2023-11-15_13-07-23-+0000 {"e":"aggTrade","E":1700053642228,"a":1916834666,"s":"BTCUSDT","p":"36227.70","q":"2.086","f":4291584183,"l":4291584194,"T":1700053642225,"m":true}
2023-11-15_13-07-23-+0000 {"e":"aggTrade","E":1700053642228,"a":1916834667,"s":"BTCUSDT","p":"36227.60","q":"0.006","f":4291584195,"l":4291584195,"T":1700053642225,"m":true}
2023-11-15_13-07-23-+0000 {"e":"aggTrade","E":1700053642228,"a":1916834668,"s":"BTCUSDT","p":"36227.50","q":"0.264","f":4291584196,"l":4291584200,"T":1700053642225,"m":true}
2023-11-15_13-07-23-+0000 {"e":"aggTrade","E":1700053642228,"a":1916834669,"s":"BTCUSDT","p":"36227.30","q":"0.043","f":4291584201,"l":4291584201,"T":1700053642225,"m":true}
2023-11-15_13-07-23-+0000 {"e":"aggTrade","E":1700053642228,"a":1916834670,"s":"BTCUSDT","p":"36227.20","q":"0.023","f":4291584202,"l":4291584202,"T":1700053642225,"m":true}
2023-11-15_13-07-23-+0000 {"e":"aggTrade","E":1700053642228,"a":1916834671,"s":"BTCUSDT","p":"36227.00","q":"0.016","f":4291584203,"l":4291584205,"T":1700053642225,"m":true}
2023-11-15_13-07-23-+0000 {"e":"aggTrade","E":1700053642228,"a":1916834672,"s":"BTCUSDT","p":"36226.80","q":"0.062","f":4291584206,"l":4291584206,"T":1700053642225,"m":true}
2023-11-15_13-07-23-+0000 {"e":"aggTrade","E":1700053642228,"a":1916834673,"s":"BTCUSDT","p":"36226.60","q":"0.003","f":4291584207,"l":4291584207,"T":1700053642225,"m":true}
2023-11-15_13-07-23-+0000 {"e":"aggTrade","E":1700053642228,"a":1916834674,"s":"BTCUSDT","p":"36226.50","q":"0.023","f":4291584208,"l":4291584211,"T":1700053642225,"m":true}
2023-11-15_13-07-23-+0000 {"e":"aggTrade","E":1700053642228,"a":1916834675,"s":"BTCUSDT","p":"36226.40","q":"0.004","f":4291584212,"l":4291584212,"T":1700053642225,"m":true}
2023-11-15_13-07-23-+0000 {"e":"aggTrade","E":1700053642228,"a":1916834677,"s":"BTCUSDT","p":"36225.90","q":"0.528","f":4291584220,"l":4291584224,"T":1700053642225,"m":true}
2023-11-15_13-07-23-+0000 {"e":"aggTrade","E":1700053642228,"a":1916834678,"s":"BTCUSDT","p":"36225.80","q":"1.362","f":4291584225,"l":4291584227,"T":1700053642225,"m":true}
2023-11-15_13-07-23-+0000 {"e":"aggTrade","E":1700053642228,"a":1916834679,"s":"BTCUSDT","p":"36225.70","q":"0.545","f":4291584228,"l":4291584230,"T":1700053642225,"m":true}
2023-11-15_13-07-23-+0000 {"e":"aggTrade","E":1700053642228,"a":1916834680,"s":"BTCUSDT","p":"36225.60","q":"0.106","f":4291584231,"l":4291584232,"T":1700053642225,"m":true}
2023-11-15_13-07-23-+0000 {"e":"aggTrade","E":1700053642228,"a":1916834681,"s":"BTCUSDT","p":"36225.50","q":"0.006","f":4291584233,"l":4291584234,"T":1700053642225,"m":true}
2023-11-15_13-07-23-+0000 {"e":"aggTrade","E":1700053642237,"a":1916834682,"s":"BTCUSDT","p":"36225.40","q":"0.935","f":4291584235,"l":4291584236,"T":1700053642225,"m":true}
2023-11-15_13-07-23-+0000 {"e":"aggTrade","E":1700053642238,"a":1916834683,"s":"BTCUSDT","p":"36225.30","q":"0.003","f":4291584237,"l":4291584237,"T":1700053642233,"m":true}
2023-11-15_13-07-23-+0000 {"e":"aggTrade","E":1700053642389,"a":1916834684,"s":"BTCUSDT","p":"36225.20","q":"0.012","f":4291584238,"l":4291584241,"T":1700053642234,"m":true}
2023-11-15_13-07-23-+0000 {"e":"aggTrade","E":1700053642540,"a":1916834685,"s":"BTCUSDT","p":"36225.40","q":"0.004","f":4291584242,"l":4291584242,"T":1700053642437,"m":false}
2023-11-15_13-07-23-+0000 {"e":"aggTrade","E":1700053642690,"a":1916834686,"s":"BTCUSDT","p":"36225.30","q":"0.715","f":4291584243,"l":4291584244,"T":1700053642539,"m":true}
2023-11-15_13-07-23-+0000 {"e":"aggTrade","E":1700053642825,"a":1916834687,"s":"BTCUSDT","p":"36225.40","q":"0.005","f":4291584245,"l":4291584245,"T":1700053642688,"m":false}
2023-11-15_13-07-23-+0000 {"e":"aggTrade","E":1700053642976,"a":1916834688,"s":"BTCUSDT","p":"36225.30","q":"0.004","f":4291584246,"l":4291584246,"T":1700053642824,"m":true}
2023-11-15_13-07-24-+0000 {"e":"aggTrade","E":1700053643191,"a":1916834689,"s":"BTCUSDT","p":"36225.30","q":"0.505","f":4291584247,"l":4291584257,"T":1700053643038,"m":true}
2023-11-15_13-07-24-+0000 {"e":"aggTrade","E":1700053643390,"a":1916834690,"s":"BTCUSDT","p":"36225.40","q":"0.008","f":4291584258,"l":4291584259,"T":1700053643247,"m":false}
2023-11-15_13-07-24-+0000 {"e":"aggTrade","E":1700053643463,"a":1421457822,"s":"ETHUSDT","p":"2019.40","q":"0.015","f":3361693166,"l":3361693167,"T":1700053643460,"m":false}
2023-11-15_13-07-24-+0000 {"e":"aggTrade","E":1700053643475,"a":1916834691,"s":"BTCUSDT","p":"36225.30","q":"0.004","f":4291584260,"l":4291584260,"T":1700053643389,"m":true}
2023-11-15_13-07-24-+0000 {"e":"aggTrade","E":1700053643505,"a":1916834692,"s":"BTCUSDT","p":"36225.40","q":"0.008","f":4291584261,"l":4291584262,"T":1700053643473,"m":false}
2023-11-15_13-07-24-+0000 {"e":"aggTrade","E":1700053643656,"a":1916834693,"s":"BTCUSDT","p":"36225.30","q":"0.576","f":4291584263,"l":4291584264,"T":1700053643503,"m":true}
2023-11-15_13-07-24-+0000 {"e":"aggTrade","E":1700053643758,"a":1916834694,"s":"BTCUSDT","p":"36225.40","q":"0.020","f":4291584265,"l":4291584266,"T":1700053643722,"m":false}
2023-11-15_13-07-24-+0000 {"e":"aggTrade","E":1700053643759,"a":1916834695,"s":"BTCUSDT","p":"36225.30","q":"0.003","f":4291584267,"l":4291584267,"T":1700053643756,"m":true}
2023-11-15_13-07-24-+0000 {"e":"aggTrade","E":1700053643910,"a":1916834696,"s":"BTCUSDT","p":"36225.40","q":"0.004","f":4291584268,"l":4291584268,"T":1700053643757,"m":false}
2023-11-15_13-07-24-+0000 {"e":"aggTrade","E":1700053644126,"a":1916834697,"s":"BTCUSDT","p":"36225.30","q":"0.150","f":4291584269,"l":4291584270,"T":1700053643973,"m":true}
2023-11-15_13-07-25-+0000 {"e":"aggTrade","E":1700053644342,"a":1916834698,"s":"BTCUSDT","p":"36225.30","q":"0.104","f":4291584271,"l":4291584271,"T":1700053644189,"m":true}
2023-11-15_13-07-25-+0000 {"e":"aggTrade","E":1700053644529,"a":1916834699,"s":"BTCUSDT","p":"36225.30","q":"0.051","f":4291584272,"l":4291584272,"T":1700053644377,"m":true}
2023-11-15_13-07-25-+0000 {"e":"aggTrade","E":1700053644609,"a":1916834700,"s":"BTCUSDT","p":"36225.30","q":"0.004","f":4291584273,"l":4291584273,"T":1700053644555,"m":true}
2023-11-15_13-07-25-+0000 {"e":"aggTrade","E":1700053644760,"a":1916834701,"s":"BTCUSDT","p":"36225.40","q":"0.060","f":4291584274,"l":4291584274,"T":1700053644607,"m":false}
2023-11-15_13-07-25-+0000 {"e":"aggTrade","E":1700053644886,"a":1916834702,"s":"BTCUSDT","p":"36225.30","q":"2.327","f":4291584275,"l":4291584297,"T":1700053644801,"m":true}
2023-11-15_13-07-25-+0000 {"e":"aggTrade","E":1700053644886,"a":1916834703,"s":"BTCUSDT","p":"36225.20","q":"0.003","f":4291584298,"l":4291584298,"T":1700053644884,"m":true}
2023-11-15_13-07-25-+0000 {"e":"aggTrade","E":1700053644886,"a":1916834704,"s":"BTCUSDT","p":"36225.00","q":"0.127","f":4291584299,"l":4291584301,"T":1700053644884,"m":true}
2023-11-15_13-07-25-+0000 {"e":"aggTrade","E":1700053644886,"a":1916834705,"s":"BTCUSDT","p":"36224.90","q":"0.004","f":4291584302,"l":4291584302,"T":1700053644884,"m":true}
2023-11-15_13-07-25-+0000 {"e":"aggTrade","E":1700053644886,"a":1916834706,"s":"BTCUSDT","p":"36224.80","q":"0.009","f":4291584303,"l":4291584303,"T":1700053644884,"m":true}
2023-11-15_13-07-25-+0000 {"e":"aggTrade","E":1700053644886,"a":1916834707,"s":"BTCUSDT","p":"36224.50","q":"0.433","f":4291584304,"l":4291584305,"T":1700053644884,"m":true}
2023-11-15_13-07-25-+0000 {"e":"aggTrade","E":1700053644886,"a":1916834708,"s":"BTCUSDT","p":"36224.40","q":"0.621","f":4291584306,"l":4291584308,"T":1700053644884,"m":true}
2023-11-15_13-07-25-+0000 {"e":"aggTrade","E":1700053644886,"a":1916834709,"s":"BTCUSDT","p":"36224.30","q":"0.083","f":4291584309,"l":4291584309,"T":1700053644884,"m":true}
2023-11-15_13-07-25-+0000 {"e":"aggTrade","E":1700053644886,"a":1916834710,"s":"BTCUSDT","p":"36224.20","q":"0.137","f":4291584310,"l":4291584313,"T":1700053644884,"m":true}
2023-11-15_13-07-25-+0000 {"e":"aggTrade","E":1700053644886,"a":1916834711,"s":"BTCUSDT","p":"36224.10","q":"0.062","f":4291584314,"l":4291584314,"T":1700053644884,"m":true}
2023-11-15_13-07-25-+0000 {"e":"aggTrade","E":1700053644886,"a":1916834712,"s":"BTCUSDT","p":"36224.00","q":"0.010","f":4291584315,"l":4291584315,"T":1700053644884,"m":true}
2023-11-15_13-07-25-+0000 {"e":"aggTrade","E":1700053644886,"a":1916834713,"s":"BTCUSDT","p":"36223.90","q":"0.064","f":4291584316,"l":4291584317,"T":1700053644884,"m":true}
2023-11-15_13-07-25-+0000 {"e":"aggTrade","E":1700053644886,"a":1916834714,"s":"BTCUSDT","p":"36223.70","q":"0.552","f":4291584318,"l":4291584318,"T":1700053644884,"m":true}
2023-11-15_13-07-25-+0000 {"e":"aggTrade","E":1700053644886,"a":1916834715,"s":"BTCUSDT","p":"36223.60","q":"0.007","f":4291584319,"l":4291584320,"T":1700053644884,"m":true}
2023-11-15_13-07-25-+0000 {"e":"aggTrade","E":1700053644886,"a":1916834716,"s":"BTCUSDT","p":"36223.50","q":"0.014","f":4291584321,"l":4291584322,"T":1700053644884,"m":true}
2023-11-15_13-07-25-+0000 {"e":"aggTrade","E":1700053644886,"a":1916834717,"s":"BTCUSDT","p":"36223.40","q":"0.289","f":4291584323,"l":4291584323,"T":1700053644884,"m":true}
2023-11-15_13-07-25-+0000 {"e":"aggTrade","E":1700053644886,"a":1916834718,"s":"BTCUSDT","p":"36223.30","q":"0.003","f":4291584324,"l":4291584324,"T":1700053644884,"m":true}
2023-11-15_13-07-25-+0000 {"e":"aggTrade","E":1700053644887,"a":1916834719,"s":"BTCUSDT","p":"36223.20","q":"0.065","f":4291584325,"l":4291584326,"T":1700053644884,"m":true}
2023-11-15_13-07-25-+0000 {"e":"aggTrade","E":1700053644887,"a":1916834720,"s":"BTCUSDT","p":"36223.10","q":"0.057","f":4291584327,"l":4291584327,"T":1700053644884,"m":true}
2023-11-15_13-07-25-+0000 {"e":"aggTrade","E":1700053644887,"a":1916834721,"s":"BTCUSDT","p":"36223.00","q":"0.010","f":4291584328,"l":4291584328,"T":1700053644884,"m":true}
2023-11-15_13-07-25-+0000 {"e":"aggTrade","E":1700053644887,"a":1916834722,"s":"BTCUSDT","p":"36222.80","q":"0.687","f":4291584329,"l":4291584330,"T":1700053644884,"m":true}
2023-11-15_13-07-25-+0000 {"e":"aggTrade","E":1700053644887,"a":1916834723,"s":"BTCUSDT","p":"36222.70","q":"0.080","f":4291584331,"l":4291584331,"T":1700053644884,"m":true}
2023-11-15_13-07-25-+0000 {"e":"aggTrade","E":1700053644887,"a":1916834724,"s":"BTCUSDT","p":"36222.60","q":"0.035","f":4291584332,"l":4291584333,"T":1700053644884,"m":true}
2023-11-15_13-07-25-+0000 {"e":"aggTrade","E":1700053644887,"a":1916834725,"s":"BTCUSDT","p":"36222.50","q":"0.010","f":4291584334,"l":4291584334,"T":1700053644884,"m":true}
2023-11-15_13-07-25-+0000 {"e":"aggTrade","E":1700053644887,"a":1916834726,"s":"BTCUSDT","p":"36222.40","q":"0.006","f":4291584335,"l":4291584336,"T":1700053644884,"m":true}
2023-11-15_13-07-25-+0000 {"e":"aggTrade","E":1700053644887,"a":1916834727,"s":"BTCUSDT","p":"36222.30","q":"0.137","f":4291584337,"l":4291584340,"T":1700053644884,"m":true}
2023-11-15_13-07-25-+0000 {"e":"aggTrade","E":1700053644887,"a":1916834728,"s":"BTCUSDT","p":"36222.10","q":"0.025","f":4291584341,"l":4291584341,"T":1700053644884,"m":true}
2023-11-15_13-07-25-+0000 {"e":"aggTrade","E":1700053644887,"a":1916834729,"s":"BTCUSDT","p":"36222.00","q":"0.225","f":4291584342,"l":4291584344,"T":1700053644884,"m":true}
2023-11-15_13-07-25-+0000 {"e":"aggTrade","E":1700053644887,"a":1916834730,"s":"BTCUSDT","p":"36221.90","q":"0.086","f":4291584345,"l":4291584346,"T":1700053644884,"m":true}
2023-11-15_13-07-25-+0000 {"e":"aggTrade","E":1700053644887,"a":1916834731,"s":"BTCUSDT","p":"36221.80","q":"0.300","f":4291584347,"l":4291584347,"T":1700053644884,"m":true}
2023-11-15_13-07-25-+0000 {"e":"aggTrade","E":1700053644887,"a":1916834732,"s":"BTCUSDT","p":"36221.70","q":"0.083","f":4291584348,"l":4291584348,"T":1700053644884,"m":true}
2023-11-15_13-07-25-+0000 {"e":"aggTrade","E":1700053644887,"a":1916834733,"s":"BTCUSDT","p":"36221.50","q":"0.024","f":4291584349,"l":4291584351,"T":1700053644884,"m":true}
2023-11-15_13-07-25-+0000 {"e":"aggTrade","E":1700053644887,"a":1916834734,"s":"BTCUSDT","p":"36221.40","q":"0.062","f":4291584352,"l":4291584352,"T":1700053644884,"m":true}
2023-11-15_13-07-25-+0000 {"e":"aggTrade","E":1700053644887,"a":1916834735,"s":"BTCUSDT","p":"36221.30","q":"0.038","f":4291584353,"l":4291584354,"T":1700053644884,"m":true}
2023-11-15_13-07-25-+0000 {"e":"aggTrade","E":1700053644887,"a":1916834736,"s":"BTCUSDT","p":"36221.20","q":"0.322","f":4291584355,"l":4291584355,"T":1700053644884,"m":true}
2023-11-15_13-07-25-+0000 {"e":"aggTrade","E":1700053644887,"a":1916834737,"s":"BTCUSDT","p":"36221.10","q":"0.061","f":4291584356,"l":4291584357,"T":1700053644884,"m":true}
2023-11-15_13-07-25-+0000 {"e":"aggTrade","E":1700053644887,"a":1916834738,"s":"BTCUSDT","p":"36221.00","q":"1.248","f":4291584358,"l":4291584361,"T":1700053644884,"m":true}
2023-11-15_13-07-25-+0000 {"e":"aggTrade","E":1700053644903,"a":1916834739,"s":"BTCUSDT","p":"36220.90","q":"0.721","f":4291584362,"l":4291584367,"T":1700053644884,"m":true}
2023-11-15_13-07-26-+0000 {"e":"aggTrade","E":1700053645195,"a":1916834742,"s":"BTCUSDT","p":"36221.00","q":"0.338","f":4291584372,"l":4291584376,"T":1700053645041,"m":false}
2023-11-15_13-07-26-+0000 {"e":"aggTrade","E":1700053645506,"a":1916834743,"s":"BTCUSDT","p":"36221.00","q":"0.015","f":4291584377,"l":4291584377,"T":1700053645365,"m":false}
2023-11-15_13-07-26-+0000 {"e":"aggTrade","E":1700053645532,"a":1916834744,"s":"BTCUSDT","p":"36221.00","q":"0.005","f":4291584378,"l":4291584379,"T":1700053645504,"m":false}
2023-11-15_13-07-26-+0000 {"e":"aggTrade","E":1700053645660,"a":1916834745,"s":"BTCUSDT","p":"36220.90","q":"0.002","f":4291584380,"l":4291584380,"T":1700053645530,"m":true}
2023-11-15_13-07-26-+0000 {"e":"aggTrade","E":1700053645811,"a":1916834746,"s":"BTCUSDT","p":"36220.90","q":"0.005","f":4291584381,"l":4291584382,"T":1700053645659,"m":true}
2023-11-15_13-07-26-+0000 {"e":"aggTrade","E":1700053646110,"a":1916834747,"s":"BTCUSDT","p":"36221.00","q":"0.013","f":4291584383,"l":4291584383,"T":1700053646052,"m":false}
2023-11-15_13-07-27-+0000 {"e":"aggTrade","E":1700053646176,"a":1916834748,"s":"BTCUSDT","p":"36220.90","q":"0.083","f":4291584384,"l":4291584384,"T":1700053646109,"m":true}
2023-11-15_13-07-27-+0000 {"e":"aggTrade","E":1700053646327,"a":1916834749,"s":"BTCUSDT","p":"36221.00","q":"0.055","f":4291584385,"l":4291584385,"T":1700053646174,"m":false}
