2023-10-22 14:29:15,001 - INFO - {'e': 'aggTrade', 'E': 1697965155192, 's': 'ETHUSDT', 'a': 945773558, 'p': '1628.60000000', 'q': '0.00500000', 'f': 1213700693, 'l': 1213700693, 'T': 1697965155191, 'm': False, 'M': True}
2023-10-22 14:29:15,014 - INFO - {'e': 'aggTrade', 'E': 1697965155192, 's': 'ETHUSDT', 'a': 945773558, 'p': '1628.60000000', 'q': '0.00500000', 'f': 1213700693, 'l': 1213700693, 'T': 1697965155191, 'm': False, 'M': True}
2023-10-22 14:29:17,067 - INFO - {'e': 'aggTrade', 'E': 1697965157217, 's': 'BTCUSDT', 'a': 2732852188, 'p': '29836.19000000', 'q': '0.02500000', 'f': 3249599531, 'l': 3249599531, 'T': 1697965157217, 'm': True, 'M': True}
2023-10-22 14:29:17,092 - INFO - {'e': 'aggTrade', 'E': 1697965157217, 's': 'BTCUSDT', 'a': 2732852188, 'p': '29836.19000000', 'q': '0.02500000', 'f': 3249599531, 'l': 3249599531, 'T': 1697965157217, 'm': True, 'M': True}
2023-10-22 14:29:19,130 - INFO - {'e': 'aggTrade', 'E': 1697965159413, 's': 'BTCUSDT', 'a': 2732852227, 'p': '29837.42000000', 'q': '0.00083000', 'f': 3249599576, 'l': 3249599576, 'T': 1697965159413, 'm': True, 'M': True}
2023-10-22 14:29:19,146 - INFO - {'e': 'aggTrade', 'E': 1697965159413, 's': 'BTCUSDT', 'a': 2732852227, 'p': '29837.42000000', 'q': '0.00083000', 'f': 3249599576, 'l': 3249599576, 'T': 1697965159413, 'm': True, 'M': True}
2023-10-22 14:29:21,189 - INFO - {'e': 'aggTrade', 'E': 1697965161476, 's': 'BTCUSDT', 'a': 2732852237, 'p': '29837.42000000', 'q': '0.00265000', 'f': 3249599586, 'l': 3249599586, 'T': 1697965161475, 'm': True, 'M': True}
2023-10-22 14:29:21,189 - INFO - {'e': 'aggTrade', 'E': 1697965161476, 's': 'BTCUSDT', 'a': 2732852237, 'p': '29837.42000000', 'q': '0.00265000', 'f': 3249599586, 'l': 3249599586, 'T': 1697965161475, 'm': True, 'M': True}
2023-10-22 14:29:23,231 - INFO - {'e': 'aggTrade', 'E': 1697965163442, 's': 'BTCUSDT', 'a': 2732852251, 'p': '29837.43000000', 'q': '0.00271000', 'f': 3249599601, 'l': 3249599601, 'T': 1697965163442, 'm': False, 'M': True}
2023-10-22 14:29:23,241 - INFO - {'e': 'aggTrade', 'E': 1697965163442, 's': 'BTCUSDT', 'a': 2732852251, 'p': '29837.43000000', 'q': '0.00271000', 'f': 3249599601, 'l': 3249599601, 'T': 1697965163442, 'm': False, 'M': True}
2023-10-22 14:29:25,271 - INFO - {'e': 'aggTrade', 'E': 1697965165110, 's': 'BTCUSDT', 'a': 2732852275, 'p': '29838.22000000', 'q': '0.00022000', 'f': 3249599632, 'l': 3249599632, 'T': 1697965165108, 'm': False, 'M': True}
2023-10-22 14:29:25,271 - INFO - {'e': 'aggTrade', 'E': 1697965165110, 's': 'BTCUSDT', 'a': 2732852275, 'p': '29838.22000000', 'q': '0.00022000', 'f': 3249599632, 'l': 3249599632, 'T': 1697965165108, 'm': False, 'M': True}
2023-10-22 14:29:27,305 - INFO - {'e': 'aggTrade', 'E': 1697965166822, 's': 'BNBUSDT', 'a': 503441859, 'p': '214.10000000', 'q': '1.00000000', 'f': 675545618, 'l': 675545618, 'T': 1697965166822, 'm': False, 'M': True}
2023-10-22 14:29:27,307 - INFO - {'e': 'aggTrade', 'E': 1697965166822, 's': 'BNBUSDT', 'a': 503441859, 'p': '214.10000000', 'q': '1.00000000', 'f': 675545618, 'l': 675545618, 'T': 1697965166822, 'm': False, 'M': True}
2023-10-22 14:29:29,342 - INFO - {'e': 'aggTrade', 'E': 1697965169378, 's': 'BTCUSDT', 'a': 2732852290, 'p': '29838.31000000', 'q': '0.03184000', 'f': 3249599649, 'l': 3249599650, 'T': 1697965169377, 'm': False, 'M': True}
2023-10-22 14:29:29,346 - INFO - {'e': 'aggTrade', 'E': 1697965169378, 's': 'BTCUSDT', 'a': 2732852290, 'p': '29838.31000000', 'q': '0.03184000', 'f': 3249599649, 'l': 3249599650, 'T': 1697965169377, 'm': False, 'M': True}
2023-10-22 14:29:31,385 - INFO - {'e': 'aggTrade', 'E': 1697965171650, 's': 'BTCUSDT', 'a': 2732852305, 'p': '29838.30000000', 'q': '0.00074000', 'f': 3249599666, 'l': 3249599666, 'T': 1697965171650, 'm': True, 'M': True}
2023-10-22 14:29:31,385 - INFO - {'e': 'aggTrade', 'E': 1697965171650, 's': 'BTCUSDT', 'a': 2732852305, 'p': '29838.30000000', 'q': '0.00074000', 'f': 3249599666, 'l': 3249599666, 'T': 1697965171650, 'm': True, 'M': True}
2023-10-22 14:29:33,409 - INFO - {'e': 'aggTrade', 'E': 1697965173630, 's': 'ETHUSDT', 'a': 945773573, 'p': '1628.59000000', 'q': '0.61400000', 'f': 1213700708, 'l': 1213700708, 'T': 1697965173629, 'm': True, 'M': True}
2023-10-22 14:29:33,425 - INFO - {'e': 'aggTrade', 'E': 1697965173630, 's': 'ETHUSDT', 'a': 945773573, 'p': '1628.59000000', 'q': '0.61400000', 'f': 1213700708, 'l': 1213700708, 'T': 1697965173629, 'm': True, 'M': True}
2023-10-22 14:29:35,452 - INFO - {'e': 'aggTrade', 'E': 1697965175648, 's': 'BTCUSDT', 'a': 2732852336, 'p': '29838.30000000', 'q': '0.02638000', 'f': 3249599705, 'l': 3249599706, 'T': 1697965175647, 'm': True, 'M': True}
2023-10-22 14:29:35,452 - INFO - {'e': 'aggTrade', 'E': 1697965175648, 's': 'BTCUSDT', 'a': 2732852336, 'p': '29838.30000000', 'q': '0.02638000', 'f': 3249599705, 'l': 3249599706, 'T': 1697965175647, 'm': True, 'M': True}
2023-10-22 14:29:37,501 - INFO - {'e': 'aggTrade', 'E': 1697965177291, 's': 'ETHUSDT', 'a': 945773585, 'p': '1628.48000000', 'q': '2.13180000', 'f': 1213700733, 'l': 1213700734, 'T': 1697965177291, 'm': True, 'M': True}
2023-10-22 14:29:37,516 - INFO - {'e': 'aggTrade', 'E': 1697965177291, 's': 'ETHUSDT', 'a': 945773585, 'p': '1628.48000000', 'q': '2.13180000', 'f': 1213700733, 'l': 1213700734, 'T': 1697965177291, 'm': True, 'M': True}
2023-10-22 14:29:39,539 - INFO - {'e': 'aggTrade', 'E': 1697965179556, 's': 'BNBUSDT', 'a': 503441867, 'p': '214.10000000', 'q': '0.10200000', 'f': 675545626, 'l': 675545626, 'T': 1697965179555, 'm': False, 'M': True}
2023-10-22 14:29:39,554 - INFO - {'e': 'aggTrade', 'E': 1697965179556, 's': 'BNBUSDT', 'a': 503441867, 'p': '214.10000000', 'q': '0.10200000', 'f': 675545626, 'l': 675545626, 'T': 1697965179555, 'm': False, 'M': True}
2023-10-22 14:29:41,610 - INFO - {'e': 'aggTrade', 'E': 1697965181631, 's': 'BTCUSDT', 'a': 2732852347, 'p': '29838.30000000', 'q': '0.00046000', 'f': 3249599720, 'l': 3249599720, 'T': 1697965181630, 'm': True, 'M': True}
2023-10-22 14:29:41,626 - INFO - {'e': 'aggTrade', 'E': 1697965181631, 's': 'BTCUSDT', 'a': 2732852347, 'p': '29838.30000000', 'q': '0.00046000', 'f': 3249599720, 'l': 3249599720, 'T': 1697965181630, 'm': True, 'M': True}
2023-10-22 14:29:43,675 - INFO - {'e': 'aggTrade', 'E': 1697965183940, 's': 'BNBUSDT', 'a': 503441870, 'p': '214.10000000', 'q': '0.25600000', 'f': 675545629, 'l': 675545629, 'T': 1697965183940, 'm': False, 'M': True}
2023-10-22 14:29:43,690 - INFO - {'e': 'aggTrade', 'E': 1697965183940, 's': 'BNBUSDT', 'a': 503441870, 'p': '214.10000000', 'q': '0.25600000', 'f': 675545629, 'l': 675545629, 'T': 1697965183940, 'm': False, 'M': True}
2023-10-22 14:29:45,714 - INFO - {'e': 'aggTrade', 'E': 1697965185889, 's': 'BTCUSDT', 'a': 2732852362, 'p': '29838.30000000', 'q': '0.01072000', 'f': 3249599738, 'l': 3249599738, 'T': 1697965185888, 'm': True, 'M': True}
2023-10-22 14:29:45,714 - INFO - {'e': 'aggTrade', 'E': 1697965185889, 's': 'BTCUSDT', 'a': 2732852362, 'p': '29838.30000000', 'q': '0.01072000', 'f': 3249599738, 'l': 3249599738, 'T': 1697965185888, 'm': True, 'M': True}
2023-10-22 14:29:47,748 - INFO - {'e': 'aggTrade', 'E': 1697965187954, 's': 'BTCUSDT', 'a': 2732852391, 'p': '29837.55000000', 'q': '0.02500000', 'f': 3249599778, 'l': 3249599779, 'T': 1697965187954, 'm': True, 'M': True}
2023-10-22 14:29:47,749 - INFO - {'e': 'aggTrade', 'E': 1697965187954, 's': 'BTCUSDT', 'a': 2732852391, 'p': '29837.55000000', 'q': '0.02500000', 'f': 3249599778, 'l': 3249599779, 'T': 1697965187954, 'm': True, 'M': True}
2023-10-22 14:29:49,763 - INFO - {'e': 'aggTrade', 'E': 1697965189943, 's': 'BNBUSDT', 'a': 503441879, 'p': '214.00000000', 'q': '1.58800000', 'f': 675545638, 'l': 675545638, 'T': 1697965189943, 'm': True, 'M': True}
2023-10-22 14:29:49,763 - INFO - {'e': 'aggTrade', 'E': 1697965189943, 's': 'BNBUSDT', 'a': 503441879, 'p': '214.00000000', 'q': '1.58800000', 'f': 675545638, 'l': 675545638, 'T': 1697965189943, 'm': True, 'M': True}
2023-10-22 14:29:51,782 - INFO - {'e': 'aggTrade', 'E': 1697965192056, 's': 'BTCUSDT', 'a': 2732852470, 'p': '29834.26000000', 'q': '0.00210000', 'f': 3249599863, 'l': 3249599863, 'T': 1697965192055, 'm': True, 'M': True}
2023-10-22 14:29:51,798 - INFO - {'e': 'aggTrade', 'E': 1697965192056, 's': 'BTCUSDT', 'a': 2732852470, 'p': '29834.26000000', 'q': '0.00210000', 'f': 3249599863, 'l': 3249599863, 'T': 1697965192055, 'm': True, 'M': True}
2023-10-22 14:29:53,844 - INFO - {'e': 'aggTrade', 'E': 1697965194012, 's': 'BTCUSDT', 'a': 2732852476, 'p': '29834.26000000', 'q': '0.00701000', 'f': 3249599869, 'l': 3249599869, 'T': 1697965194011, 'm': True, 'M': True}
2023-10-22 14:29:53,859 - INFO - {'e': 'aggTrade', 'E': 1697965194012, 's': 'BTCUSDT', 'a': 2732852476, 'p': '29834.26000000', 'q': '0.00701000', 'f': 3249599869, 'l': 3249599869, 'T': 1697965194011, 'm': True, 'M': True}
2023-10-22 14:29:55,907 - INFO - {'e': 'aggTrade', 'E': 1697965196040, 's': 'BTCUSDT', 'a': 2732852481, 'p': '29834.26000000', 'q': '0.02766000', 'f': 3249599874, 'l': 3249599876, 'T': 1697965196039, 'm': True, 'M': True}
2023-10-22 14:29:55,923 - INFO - {'e': 'aggTrade', 'E': 1697965196040, 's': 'BTCUSDT', 'a': 2732852481, 'p': '29834.26000000', 'q': '0.02766000', 'f': 3249599874, 'l': 3249599876, 'T': 1697965196039, 'm': True, 'M': True}
2023-10-22 14:29:57,958 - INFO - {'e': 'aggTrade', 'E': 1697965198107, 's': 'BTCUSDT', 'a': 2732852534, 'p': '29832.18000000', 'q': '0.00034000', 'f': 3249599933, 'l': 3249599933, 'T': 1697965198106, 'm': False, 'M': True}
2023-10-22 14:29:57,958 - INFO - {'e': 'aggTrade', 'E': 1697965198107, 's': 'BTCUSDT', 'a': 2732852534, 'p': '29832.18000000', 'q': '0.00034000', 'f': 3249599933, 'l': 3249599933, 'T': 1697965198106, 'm': False, 'M': True}
2023-10-22 14:30:00,008 - INFO - {'e': 'aggTrade', 'E': 1697965200156, 's': 'ETHUSDT', 'a': 945773719, 'p': '1628.27000000', 'q': '0.06870000', 'f': 1213700895, 'l': 1213700895, 'T': 1697965200155, 'm': True, 'M': True}
2023-10-22 14:30:00,008 - INFO - {'e': 'aggTrade', 'E': 1697965200156, 's': 'ETHUSDT', 'a': 945773719, 'p': '1628.27000000', 'q': '0.06870000', 'f': 1213700895, 'l': 1213700895, 'T': 1697965200155, 'm': True, 'M': True}
2023-10-22 14:30:02,053 - INFO - {'e': 'aggTrade', 'E': 1697965202114, 's': 'BTCUSDT', 'a': 2732852726, 'p': '29828.60000000', 'q': '0.00050000', 'f': 3249600139, 'l': 3249600139, 'T': 1697965202113, 'm': True, 'M': True}
2023-10-22 14:30:02,068 - INFO - {'e': 'aggTrade', 'E': 1697965202114, 's': 'BTCUSDT', 'a': 2732852726, 'p': '29828.60000000', 'q': '0.00050000', 'f': 3249600139, 'l': 3249600139, 'T': 1697965202113, 'm': True, 'M': True}
2023-10-22 14:30:04,094 - INFO - {'e': 'aggTrade', 'E': 1697965204217, 's': 'BTCUSDT', 'a': 2732852761, 'p': '29827.32000000', 'q': '0.00676000', 'f': 3249600175, 'l': 3249600175, 'T': 1697965204217, 'm': True, 'M': True}
2023-10-22 14:30:04,094 - INFO - {'e': 'aggTrade', 'E': 1697965204217, 's': 'BTCUSDT', 'a': 2732852761, 'p': '29827.32000000', 'q': '0.00676000', 'f': 3249600175, 'l': 3249600175, 'T': 1697965204217, 'm': True, 'M': True}
2023-10-22 14:30:06,137 - INFO - {'e': 'aggTrade', 'E': 1697965205954, 's': 'BTCUSDT', 'a': 2732852770, 'p': '29827.32000000', 'q': '0.03347000', 'f': 3249600186, 'l': 3249600186, 'T': 1697965205954, 'm': True, 'M': True}
2023-10-22 14:30:06,152 - INFO - {'e': 'aggTrade', 'E': 1697965205954, 's': 'BTCUSDT', 'a': 2732852770, 'p': '29827.32000000', 'q': '0.03347000', 'f': 3249600186, 'l': 3249600186, 'T': 1697965205954, 'm': True, 'M': True}
2023-10-22 14:30:08,167 - INFO - {'e': 'aggTrade', 'E': 1697965208414, 's': 'ETHUSDT', 'a': 945773773, 'p': '1627.88000000', 'q': '0.01220000', 'f': 1213700981, 'l': 1213700981, 'T': 1697965208414, 'm': False, 'M': True}
2023-10-22 14:30:08,167 - INFO - {'e': 'aggTrade', 'E': 1697965208414, 's': 'ETHUSDT', 'a': 945773773, 'p': '1627.88000000', 'q': '0.01220000', 'f': 1213700981, 'l': 1213700981, 'T': 1697965208414, 'm': False, 'M': True}
2023-10-22 14:30:10,224 - INFO - {'e': 'aggTrade', 'E': 1697965210390, 's': 'BTCUSDT', 'a': 2732852785, 'p': '29827.32000000', 'q': '0.00144000', 'f': 3249600202, 'l': 3249600202, 'T': 1697965210389, 'm': True, 'M': True}
2023-10-22 14:30:10,226 - INFO - {'e': 'aggTrade', 'E': 1697965210390, 's': 'BTCUSDT', 'a': 2732852785, 'p': '29827.32000000', 'q': '0.00144000', 'f': 3249600202, 'l': 3249600202, 'T': 1697965210389, 'm': True, 'M': True}
2023-10-22 14:30:12,263 - INFO - {'e': 'aggTrade', 'E': 1697965212353, 's': 'BTCUSDT', 'a': 2732852789, 'p': '29827.32000000', 'q': '0.00100000', 'f': 3249600206, 'l': 3249600206, 'T': 1697965212352, 'm': True, 'M': True}
2023-10-22 14:30:12,263 - INFO - {'e': 'aggTrade', 'E': 1697965212353, 's': 'BTCUSDT', 'a': 2732852789, 'p': '29827.32000000', 'q': '0.00100000', 'f': 3249600206, 'l': 3249600206, 'T': 1697965212352, 'm': True, 'M': True}
2023-10-22 14:30:14,305 - INFO - {'e': 'aggTrade', 'E': 1697965214588, 's': 'BTCUSDT', 'a': 2732852817, 'p': '29826.38000000', 'q': '0.00033000', 'f': 3249600238, 'l': 3249600238, 'T': 1697965214587, 'm': False, 'M': True}
2023-10-22 14:30:14,305 - INFO - {'e': 'aggTrade', 'E': 1697965214588, 's': 'BTCUSDT', 'a': 2732852817, 'p': '29826.38000000', 'q': '0.00033000', 'f': 3249600238, 'l': 3249600238, 'T': 1697965214587, 'm': False, 'M': True}
2023-10-22 14:30:16,338 - INFO - {'e': 'aggTrade', 'E': 1697965216492, 's': 'BTCUSDT', 'a': 2732852837, 'p': '29825.89000000', 'q': '0.03298000', 'f': 3249600262, 'l': 3249600262, 'T': 1697965216492, 'm': False, 'M': True}
2023-10-22 14:30:16,353 - INFO - {'e': 'aggTrade', 'E': 1697965216492, 's': 'BTCUSDT', 'a': 2732852837, 'p': '29825.89000000', 'q': '0.03298000', 'f': 3249600262, 'l': 3249600262, 'T': 1697965216492, 'm': False, 'M': True}
2023-10-22 14:30:18,370 - INFO - {'e': 'aggTrade', 'E': 1697965218661, 's': 'BTCUSDT', 'a': 2732852852, 'p': '29825.56000000', 'q': '0.02500000', 'f': 3249600277, 'l': 3249600277, 'T': 1697965218661, 'm': True, 'M': True}
2023-10-22 14:30:18,386 - INFO - {'e': 'aggTrade', 'E': 1697965218661, 's': 'BTCUSDT', 'a': 2732852852, 'p': '29825.56000000', 'q': '0.02500000', 'f': 3249600277, 'l': 3249600277, 'T': 1697965218661, 'm': True, 'M': True}
2023-10-22 14:30:20,443 - INFO - {'e': 'aggTrade', 'E': 1697965220704, 's': 'BTCUSDT', 'a': 2732852859, 'p': '29825.57000000', 'q': '0.01607000', 'f': 3249600284, 'l': 3249600284, 'T': 1697965220704, 'm': False, 'M': True}
2023-10-22 14:30:20,443 - INFO - {'e': 'aggTrade', 'E': 1697965220704, 's': 'BTCUSDT', 'a': 2732852859, 'p': '29825.57000000', 'q': '0.01607000', 'f': 3249600284, 'l': 3249600284, 'T': 1697965220704, 'm': False, 'M': True}
2023-10-22 14:30:22,469 - INFO - {'e': 'aggTrade', 'E': 1697965220876, 's': 'ETHUSDT', 'a': 945773790, 'p': '1627.81000000', 'q': '0.01090000', 'f': 1213701008, 'l': 1213701008, 'T': 1697965220876, 'm': False, 'M': True}
2023-10-22 14:30:22,469 - INFO - {'e': 'aggTrade', 'E': 1697965220876, 's': 'ETHUSDT', 'a': 945773790, 'p': '1627.81000000', 'q': '0.01090000', 'f': 1213701008, 'l': 1213701008, 'T': 1697965220876, 'm': False, 'M': True}
2023-10-22 14:30:24,506 - INFO - {'e': 'aggTrade', 'E': 1697965224173, 's': 'BTCUSDT', 'a': 2732852969, 'p': '29820.00000000', 'q': '0.00092000', 'f': 3249600407, 'l': 3249600407, 'T': 1697965224173, 'm': True, 'M': True}
2023-10-22 14:30:24,506 - INFO - {'e': 'aggTrade', 'E': 1697965224173, 's': 'BTCUSDT', 'a': 2732852969, 'p': '29820.00000000', 'q': '0.00092000', 'f': 3249600407, 'l': 3249600407, 'T': 1697965224173, 'm': True, 'M': True}
2023-10-22 14:30:26,551 - INFO - {'e': 'aggTrade', 'E': 1697965226648, 's': 'BNBUSDT', 'a': 503441909, 'p': '214.00000000', 'q': '0.22500000', 'f': 675545671, 'l': 675545671, 'T': 1697965226647, 'm': True, 'M': True}
2023-10-22 14:30:26,551 - INFO - {'e': 'aggTrade', 'E': 1697965226648, 's': 'BNBUSDT', 'a': 503441909, 'p': '214.00000000', 'q': '0.22500000', 'f': 675545671, 'l': 675545671, 'T': 1697965226647, 'm': True, 'M': True}
2023-10-22 14:30:28,586 - INFO - {'e': 'aggTrade', 'E': 1697965228772, 's': 'BNBUSDT', 'a': 503441912, 'p': '214.10000000', 'q': '0.04600000', 'f': 675545674, 'l': 675545674, 'T': 1697965228772, 'm': False, 'M': True}
2023-10-22 14:30:28,586 - INFO - {'e': 'aggTrade', 'E': 1697965228772, 's': 'BNBUSDT', 'a': 503441912, 'p': '214.10000000', 'q': '0.04600000', 'f': 675545674, 'l': 675545674, 'T': 1697965228772, 'm': False, 'M': True}
2023-10-22 14:30:30,615 - INFO - {'e': 'aggTrade', 'E': 1697965230853, 's': 'BNBUSDT', 'a': 503441916, 'p': '214.00000000', 'q': '2.65600000', 'f': 675545678, 'l': 675545678, 'T': 1697965230852, 'm': True, 'M': True}
2023-10-22 14:30:30,615 - INFO - {'e': 'aggTrade', 'E': 1697965230853, 's': 'BNBUSDT', 'a': 503441916, 'p': '214.00000000', 'q': '2.65600000', 'f': 675545678, 'l': 675545678, 'T': 1697965230852, 'm': True, 'M': True}
2023-10-22 14:30:32,667 - INFO - {'e': 'aggTrade', 'E': 1697965232850, 's': 'BTCUSDT', 'a': 2732853089, 'p': '29824.99000000', 'q': '0.00674000', 'f': 3249600545, 'l': 3249600545, 'T': 1697965232849, 'm': True, 'M': True}
2023-10-22 14:30:32,667 - INFO - {'e': 'aggTrade', 'E': 1697965232850, 's': 'BTCUSDT', 'a': 2732853089, 'p': '29824.99000000', 'q': '0.00674000', 'f': 3249600545, 'l': 3249600545, 'T': 1697965232849, 'm': True, 'M': True}
2023-10-22 14:30:34,716 - INFO - {'e': 'aggTrade', 'E': 1697965234773, 's': 'ETHUSDT', 'a': 945773860, 'p': '1628.21000000', 'q': '0.21120000', 'f': 1213701112, 'l': 1213701112, 'T': 1697965234773, 'm': True, 'M': True}
2023-10-22 14:30:34,716 - INFO - {'e': 'aggTrade', 'E': 1697965234773, 's': 'ETHUSDT', 'a': 945773860, 'p': '1628.21000000', 'q': '0.21120000', 'f': 1213701112, 'l': 1213701112, 'T': 1697965234773, 'm': True, 'M': True}
2023-10-22 14:30:36,765 - INFO - {'e': 'aggTrade', 'E': 1697965236902, 's': 'ETHUSDT', 'a': 945773863, 'p': '1628.21000000', 'q': '0.51900000', 'f': 1213701115, 'l': 1213701117, 'T': 1697965236901, 'm': True, 'M': True}
2023-10-22 14:30:36,765 - INFO - {'e': 'aggTrade', 'E': 1697965236902, 's': 'ETHUSDT', 'a': 945773863, 'p': '1628.21000000', 'q': '0.51900000', 'f': 1213701115, 'l': 1213701117, 'T': 1697965236901, 'm': True, 'M': True}
2023-10-22 14:30:38,823 - INFO - {'e': 'aggTrade', 'E': 1697965238645, 's': 'BTCUSDT', 'a': 2732853113, 'p': '29824.99000000', 'q': '0.02500000', 'f': 3249600569, 'l': 3249600569, 'T': 1697965238645, 'm': True, 'M': True}
2023-10-22 14:30:38,826 - INFO - {'e': 'aggTrade', 'E': 1697965238645, 's': 'BTCUSDT', 'a': 2732853113, 'p': '29824.99000000', 'q': '0.02500000', 'f': 3249600569, 'l': 3249600569, 'T': 1697965238645, 'm': True, 'M': True}
2023-10-22 14:30:40,860 - INFO - {'e': 'aggTrade', 'E': 1697965241122, 's': 'BTCUSDT', 'a': 2732853127, 'p': '29824.99000000', 'q': '0.24254000', 'f': 3249600584, 'l': 3249600587, 'T': 1697965241122, 'm': True, 'M': True}
2023-10-22 14:30:40,860 - INFO - {'e': 'aggTrade', 'E': 1697965241122, 's': 'BTCUSDT', 'a': 2732853127, 'p': '29824.99000000', 'q': '0.24254000', 'f': 3249600584, 'l': 3249600587, 'T': 1697965241122, 'm': True, 'M': True}
2023-10-22 14:30:42,877 - INFO - {'e': 'aggTrade', 'E': 1697965243026, 's': 'BTCUSDT', 'a': 2732853176, 'p': '29826.97000000', 'q': '0.02500000', 'f': 3249600656, 'l': 3249600657, 'T': 1697965243025, 'm': True, 'M': True}
2023-10-22 14:30:42,892 - INFO - {'e': 'aggTrade', 'E': 1697965243026, 's': 'BTCUSDT', 'a': 2732853176, 'p': '29826.97000000', 'q': '0.02500000', 'f': 3249600656, 'l': 3249600657, 'T': 1697965243025, 'm': True, 'M': True}
2023-10-22 14:30:44,935 - INFO - {'e': 'aggTrade', 'E': 1697965245206, 's': 'BTCUSDT', 'a': 2732853181, 'p': '29826.97000000', 'q': '0.02500000', 'f': 3249600662, 'l': 3249600662, 'T': 1697965245205, 'm': True, 'M': True}
2023-10-22 14:30:44,935 - INFO - {'e': 'aggTrade', 'E': 1697965245206, 's': 'BTCUSDT', 'a': 2732853181, 'p': '29826.97000000', 'q': '0.02500000', 'f': 3249600662, 'l': 3249600662, 'T': 1697965245205, 'm': True, 'M': True}
2023-10-22 14:30:46,996 - INFO - {'e': 'aggTrade', 'E': 1697965247265, 's': 'BTCUSDT', 'a': 2732853185, 'p': '29826.97000000', 'q': '0.09669000', 'f': 3249600666, 'l': 3249600666, 'T': 1697965247264, 'm': True, 'M': True}
2023-10-22 14:30:46,999 - INFO - {'e': 'aggTrade', 'E': 1697965247265, 's': 'BTCUSDT', 'a': 2732853185, 'p': '29826.97000000', 'q': '0.09669000', 'f': 3249600666, 'l': 3249600666, 'T': 1697965247264, 'm': True, 'M': True}
2023-10-22 14:30:49,036 - INFO - {'e': 'aggTrade', 'E': 1697965249124, 's': 'BTCUSDT', 'a': 2732853192, 'p': '29826.97000000', 'q': '0.18504000', 'f': 3249600673, 'l': 3249600673, 'T': 1697965249124, 'm': True, 'M': True}
2023-10-22 14:30:49,036 - INFO - {'e': 'aggTrade', 'E': 1697965249124, 's': 'BTCUSDT', 'a': 2732853192, 'p': '29826.97000000', 'q': '0.18504000', 'f': 3249600673, 'l': 3249600673, 'T': 1697965249124, 'm': True, 'M': True}
2023-10-22 14:30:51,065 - INFO - {'e': 'aggTrade', 'E': 1697965251072, 's': 'BNBUSDT', 'a': 503441936, 'p': '214.10000000', 'q': '0.04600000', 'f': 675545698, 'l': 675545698, 'T': 1697965251071, 'm': False, 'M': True}
2023-10-22 14:30:51,065 - INFO - {'e': 'aggTrade', 'E': 1697965251072, 's': 'BNBUSDT', 'a': 503441936, 'p': '214.10000000', 'q': '0.04600000', 'f': 675545698, 'l': 675545698, 'T': 1697965251071, 'm': False, 'M': True}
2023-10-22 14:30:53,111 - INFO - {'e': 'aggTrade', 'E': 1697965253056, 's': 'BTCUSDT', 'a': 2732853204, 'p': '29826.97000000', 'q': '0.00130000', 'f': 3249600685, 'l': 3249600685, 'T': 1697965253055, 'm': True, 'M': True}
2023-10-22 14:30:53,111 - INFO - {'e': 'aggTrade', 'E': 1697965253056, 's': 'BTCUSDT', 'a': 2732853204, 'p': '29826.97000000', 'q': '0.00130000', 'f': 3249600685, 'l': 3249600685, 'T': 1697965253055, 'm': True, 'M': True}
2023-10-22 14:30:55,158 - INFO - {'e': 'aggTrade', 'E': 1697965255216, 's': 'BTCUSDT', 'a': 2732853212, 'p': '29826.98000000', 'q': '0.00101000', 'f': 3249600693, 'l': 3249600693, 'T': 1697965255216, 'm': False, 'M': True}
2023-10-22 14:30:55,174 - INFO - {'e': 'aggTrade', 'E': 1697965255216, 's': 'BTCUSDT', 'a': 2732853212, 'p': '29826.98000000', 'q': '0.00101000', 'f': 3249600693, 'l': 3249600693, 'T': 1697965255216, 'm': False, 'M': True}
2023-10-22 14:30:57,223 - INFO - {'e': 'aggTrade', 'E': 1697965257480, 's': 'BTCUSDT', 'a': 2732853226, 'p': '29826.98000000', 'q': '0.00740000', 'f': 3249600707, 'l': 3249600707, 'T': 1697965257480, 'm': False, 'M': True}
2023-10-22 14:30:57,223 - INFO - {'e': 'aggTrade', 'E': 1697965257480, 's': 'BTCUSDT', 'a': 2732853226, 'p': '29826.98000000', 'q': '0.00740000', 'f': 3249600707, 'l': 3249600707, 'T': 1697965257480, 'm': False, 'M': True}
2023-10-22 14:30:59,299 - INFO - {'e': 'aggTrade', 'E': 1697965259546, 's': 'BTCUSDT', 'a': 2732853239, 'p': '29826.97000000', 'q': '0.00170000', 'f': 3249600720, 'l': 3249600720, 'T': 1697965259545, 'm': True, 'M': True}
2023-10-22 14:30:59,300 - INFO - {'e': 'aggTrade', 'E': 1697965259546, 's': 'BTCUSDT', 'a': 2732853239, 'p': '29826.97000000', 'q': '0.00170000', 'f': 3249600720, 'l': 3249600720, 'T': 1697965259545, 'm': True, 'M': True}
2023-10-22 14:31:01,336 - INFO - {'e': 'aggTrade', 'E': 1697965261527, 's': 'BNBUSDT', 'a': 503441973, 'p': '214.10000000', 'q': '0.05000000', 'f': 675545735, 'l': 675545735, 'T': 1697965261527, 'm': False, 'M': True}
2023-10-22 14:31:01,337 - INFO - {'e': 'aggTrade', 'E': 1697965261527, 's': 'BNBUSDT', 'a': 503441973, 'p': '214.10000000', 'q': '0.05000000', 'f': 675545735, 'l': 675545735, 'T': 1697965261527, 'm': False, 'M': True}
2023-10-22 14:31:03,363 - INFO - {'e': 'aggTrade', 'E': 1697965263532, 's': 'BTCUSDT', 'a': 2732853427, 'p': '29831.24000000', 'q': '0.00081000', 'f': 3249600946, 'l': 3249600946, 'T': 1697965263531, 'm': True, 'M': True}
2023-10-22 14:31:03,364 - INFO - {'e': 'aggTrade', 'E': 1697965263532, 's': 'BTCUSDT', 'a': 2732853427, 'p': '29831.24000000', 'q': '0.00081000', 'f': 3249600946, 'l': 3249600946, 'T': 1697965263531, 'm': True, 'M': True}
2023-10-22 14:31:05,410 - INFO - {'e': 'aggTrade', 'E': 1697965265666, 's': 'ETHUSDT', 'a': 945774003, 'p': '1628.49000000', 'q': '0.04940000', 'f': 1213701292, 'l': 1213701293, 'T': 1697965265665, 'm': False, 'M': True}
2023-10-22 14:31:05,410 - INFO - {'e': 'aggTrade', 'E': 1697965265666, 's': 'ETHUSDT', 'a': 945774003, 'p': '1628.49000000', 'q': '0.04940000', 'f': 1213701292, 'l': 1213701293, 'T': 1697965265665, 'm': False, 'M': True}
2023-10-22 14:31:07,457 - INFO - {'e': 'aggTrade', 'E': 1697965267184, 's': 'BNBUSDT', 'a': 503442002, 'p': '214.10000000', 'q': '0.04600000', 'f': 675545764, 'l': 675545764, 'T': 1697965267183, 'm': False, 'M': True}
2023-10-22 14:31:07,458 - INFO - {'e': 'aggTrade', 'E': 1697965267184, 's': 'BNBUSDT', 'a': 503442002, 'p': '214.10000000', 'q': '0.04600000', 'f': 675545764, 'l': 675545764, 'T': 1697965267183, 'm': False, 'M': True}
2023-10-22 14:31:09,514 - INFO - {'e': 'aggTrade', 'E': 1697965269660, 's': 'BTCUSDT', 'a': 2732853596, 'p': '29839.46000000', 'q': '0.01636000', 'f': 3249601132, 'l': 3249601132, 'T': 1697965269659, 'm': False, 'M': True}
2023-10-22 14:31:09,515 - INFO - {'e': 'aggTrade', 'E': 1697965269660, 's': 'BTCUSDT', 'a': 2732853596, 'p': '29839.46000000', 'q': '0.01636000', 'f': 3249601132, 'l': 3249601132, 'T': 1697965269659, 'm': False, 'M': True}
2023-10-22 14:31:11,558 - INFO - {'e': 'aggTrade', 'E': 1697965271682, 's': 'BTCUSDT', 'a': 2732853623, 'p': '29839.46000000', 'q': '0.00040000', 'f': 3249601160, 'l': 3249601160, 'T': 1697965271681, 'm': False, 'M': True}
2023-10-22 14:31:11,559 - INFO - {'e': 'aggTrade', 'E': 1697965271682, 's': 'BTCUSDT', 'a': 2732853623, 'p': '29839.46000000', 'q': '0.00040000', 'f': 3249601160, 'l': 3249601160, 'T': 1697965271681, 'm': False, 'M': True}
2023-10-22 14:31:13,597 - INFO - {'e': 'aggTrade', 'E': 1697965273869, 's': 'BTCUSDT', 'a': 2732853649, 'p': '29839.78000000', 'q': '0.01148000', 'f': 3249601191, 'l': 3249601191, 'T': 1697965273868, 'm': True, 'M': True}
2023-10-22 14:31:13,599 - INFO - {'e': 'aggTrade', 'E': 1697965273869, 's': 'BTCUSDT', 'a': 2732853649, 'p': '29839.78000000', 'q': '0.01148000', 'f': 3249601191, 'l': 3249601191, 'T': 1697965273868, 'm': True, 'M': True}
2023-10-22 14:31:15,657 - INFO - {'e': 'aggTrade', 'E': 1697965274621, 's': 'BTCUSDT', 'a': 2732853677, 'p': '29841.06000000', 'q': '0.00031000', 'f': 3249601225, 'l': 3249601225, 'T': 1697965274620, 'm': True, 'M': True}
2023-10-22 14:31:15,662 - INFO - {'e': 'aggTrade', 'E': 1697965274621, 's': 'BTCUSDT', 'a': 2732853677, 'p': '29841.06000000', 'q': '0.00031000', 'f': 3249601225, 'l': 3249601225, 'T': 1697965274620, 'm': True, 'M': True}
2023-10-22 14:31:17,703 - INFO - {'e': 'aggTrade', 'E': 1697965274621, 's': 'BTCUSDT', 'a': 2732853677, 'p': '29841.06000000', 'q': '0.00031000', 'f': 3249601225, 'l': 3249601225, 'T': 1697965274620, 'm': True, 'M': True}
2023-10-22 14:31:17,705 - INFO - {'e': 'aggTrade', 'E': 1697965274621, 's': 'BTCUSDT', 'a': 2732853677, 'p': '29841.06000000', 'q': '0.00031000', 'f': 3249601225, 'l': 3249601225, 'T': 1697965274620, 'm': True, 'M': True}
2023-10-22 14:31:19,760 - INFO - {'e': 'aggTrade', 'E': 1697965274621, 's': 'BTCUSDT', 'a': 2732853677, 'p': '29841.06000000', 'q': '0.00031000', 'f': 3249601225, 'l': 3249601225, 'T': 1697965274620, 'm': True, 'M': True}
2023-10-22 14:31:19,760 - INFO - {'e': 'aggTrade', 'E': 1697965274621, 's': 'BTCUSDT', 'a': 2732853677, 'p': '29841.06000000', 'q': '0.00031000', 'f': 3249601225, 'l': 3249601225, 'T': 1697965274620, 'm': True, 'M': True}
2023-10-22 15:01:43,710 - INFO - {'e': 'aggTrade', 'E': 1697967103328, 's': 'BNBUSDT', 'a': 503443651, 'p': '214.60000000', 'q': '0.03800000', 'f': 675547913, 'l': 675547913, 'T': 1697967103327, 'm': True, 'M': True}
2023-10-22 15:01:43,716 - INFO - {'e': 'aggTrade', 'E': 1697967103328, 's': 'BNBUSDT', 'a': 503443651, 'p': '214.60000000', 'q': '0.03800000', 'f': 675547913, 'l': 675547913, 'T': 1697967103327, 'm': True, 'M': True}
2023-10-22 15:01:45,750 - INFO - {'e': 'aggTrade', 'E': 1697967104054, 's': 'BNBUSDT', 'a': 503443652, 'p': '214.60000000', 'q': '0.44000000', 'f': 675547914, 'l': 675547914, 'T': 1697967104054, 'm': True, 'M': True}
2023-10-22 15:01:45,750 - INFO - {'e': 'aggTrade', 'E': 1697967104054, 's': 'BNBUSDT', 'a': 503443652, 'p': '214.60000000', 'q': '0.44000000', 'f': 675547914, 'l': 675547914, 'T': 1697967104054, 'm': True, 'M': True}
2023-10-22 15:01:47,802 - INFO - {'e': 'aggTrade', 'E': 1697967104054, 's': 'BNBUSDT', 'a': 503443652, 'p': '214.60000000', 'q': '0.44000000', 'f': 675547914, 'l': 675547914, 'T': 1697967104054, 'm': True, 'M': True}
2023-10-22 15:01:47,802 - INFO - {'e': 'aggTrade', 'E': 1697967104054, 's': 'BNBUSDT', 'a': 503443652, 'p': '214.60000000', 'q': '0.44000000', 'f': 675547914, 'l': 675547914, 'T': 1697967104054, 'm': True, 'M': True}
2023-10-22 15:01:49,833 - INFO - {'e': 'aggTrade', 'E': 1697967110030, 's': 'BNBUSDT', 'a': 503443655, 'p': '214.70000000', 'q': '5.47400000', 'f': 675547917, 'l': 675547918, 'T': 1697967110029, 'm': False, 'M': True}
2023-10-22 15:01:49,833 - INFO - {'e': 'aggTrade', 'E': 1697967110030, 's': 'BNBUSDT', 'a': 503443655, 'p': '214.70000000', 'q': '5.47400000', 'f': 675547917, 'l': 675547918, 'T': 1697967110029, 'm': False, 'M': True}
2023-10-22 15:01:51,911 - INFO - {'e': 'aggTrade', 'E': 1697967110585, 's': 'BNBUSDT', 'a': 503443656, 'p': '214.70000000', 'q': '0.40700000', 'f': 675547919, 'l': 675547920, 'T': 1697967110584, 'm': False, 'M': True}
2023-10-22 15:01:51,911 - INFO - {'e': 'aggTrade', 'E': 1697967110585, 's': 'BNBUSDT', 'a': 503443656, 'p': '214.70000000', 'q': '0.40700000', 'f': 675547919, 'l': 675547920, 'T': 1697967110584, 'm': False, 'M': True}
2023-10-22 15:01:54,003 - INFO - {'e': 'aggTrade', 'E': 1697967113130, 's': 'BNBUSDT', 'a': 503443657, 'p': '214.60000000', 'q': '0.04600000', 'f': 675547921, 'l': 675547921, 'T': 1697967113130, 'm': True, 'M': True}
2023-10-22 15:01:54,003 - INFO - {'e': 'aggTrade', 'E': 1697967113130, 's': 'BNBUSDT', 'a': 503443657, 'p': '214.60000000', 'q': '0.04600000', 'f': 675547921, 'l': 675547921, 'T': 1697967113130, 'm': True, 'M': True}
2023-10-22 15:01:56,086 - INFO - {'e': 'aggTrade', 'E': 1697967115554, 's': 'BNBUSDT', 'a': 503443659, 'p': '214.60000000', 'q': '0.06800000', 'f': 675547923, 'l': 675547923, 'T': 1697967115553, 'm': True, 'M': True}
2023-10-22 15:01:56,089 - INFO - {'e': 'aggTrade', 'E': 1697967115554, 's': 'BNBUSDT', 'a': 503443659, 'p': '214.60000000', 'q': '0.06800000', 'f': 675547923, 'l': 675547923, 'T': 1697967115553, 'm': True, 'M': True}
2023-10-22 15:01:58,137 - INFO - {'e': 'aggTrade', 'E': 1697967115554, 's': 'BNBUSDT', 'a': 503443659, 'p': '214.60000000', 'q': '0.06800000', 'f': 675547923, 'l': 675547923, 'T': 1697967115553, 'm': True, 'M': True}
2023-10-22 15:01:58,138 - INFO - {'e': 'aggTrade', 'E': 1697967115554, 's': 'BNBUSDT', 'a': 503443659, 'p': '214.60000000', 'q': '0.06800000', 'f': 675547923, 'l': 675547923, 'T': 1697967115553, 'm': True, 'M': True}
2023-10-22 15:02:00,186 - INFO - {'e': 'aggTrade', 'E': 1697967120058, 's': 'BNBUSDT', 'a': 503443661, 'p': '214.70000000', 'q': '0.31000000', 'f': 675547925, 'l': 675547925, 'T': 1697967120058, 'm': False, 'M': True}
2023-10-22 15:02:00,188 - INFO - {'e': 'aggTrade', 'E': 1697967120058, 's': 'BNBUSDT', 'a': 503443661, 'p': '214.70000000', 'q': '0.31000000', 'f': 675547925, 'l': 675547925, 'T': 1697967120058, 'm': False, 'M': True}
2023-10-22 15:02:02,227 - INFO - {'e': 'aggTrade', 'E': 1697967122416, 's': 'BNBUSDT', 'a': 503443664, 'p': '214.70000000', 'q': '0.16800000', 'f': 675547928, 'l': 675547928, 'T': 1697967122415, 'm': False, 'M': True}
2023-10-22 15:02:02,227 - INFO - {'e': 'aggTrade', 'E': 1697967122416, 's': 'BNBUSDT', 'a': 503443664, 'p': '214.70000000', 'q': '0.16800000', 'f': 675547928, 'l': 675547928, 'T': 1697967122415, 'm': False, 'M': True}
2023-10-22 15:02:04,307 - INFO - {'e': 'aggTrade', 'E': 1697967122416, 's': 'BNBUSDT', 'a': 503443664, 'p': '214.70000000', 'q': '0.16800000', 'f': 675547928, 'l': 675547928, 'T': 1697967122415, 'm': False, 'M': True}
2023-10-22 15:02:04,311 - INFO - {'e': 'aggTrade', 'E': 1697967122416, 's': 'BNBUSDT', 'a': 503443664, 'p': '214.70000000', 'q': '0.16800000', 'f': 675547928, 'l': 675547928, 'T': 1697967122415, 'm': False, 'M': True}
2023-10-22 15:02:06,399 - INFO - {'e': 'aggTrade', 'E': 1697967125952, 's': 'BNBUSDT', 'a': 503443667, 'p': '214.60000000', 'q': '0.49700000', 'f': 675547931, 'l': 675547931, 'T': 1697967125952, 'm': True, 'M': True}
2023-10-22 15:02:06,399 - INFO - {'e': 'aggTrade', 'E': 1697967125952, 's': 'BNBUSDT', 'a': 503443667, 'p': '214.60000000', 'q': '0.49700000', 'f': 675547931, 'l': 675547931, 'T': 1697967125952, 'm': True, 'M': True}
2023-10-22 15:02:08,463 - INFO - {'e': 'aggTrade', 'E': 1697967128686, 's': 'BNBUSDT', 'a': 503443670, 'p': '214.70000000', 'q': '0.83800000', 'f': 675547934, 'l': 675547934, 'T': 1697967128686, 'm': False, 'M': True}
2023-10-22 15:02:08,466 - INFO - {'e': 'aggTrade', 'E': 1697967128686, 's': 'BNBUSDT', 'a': 503443670, 'p': '214.70000000', 'q': '0.83800000', 'f': 675547934, 'l': 675547934, 'T': 1697967128686, 'm': False, 'M': True}
2023-10-22 15:02:10,519 - INFO - {'e': 'aggTrade', 'E': 1697967130310, 's': 'BNBUSDT', 'a': 503443672, 'p': '214.70000000', 'q': '1.00600000', 'f': 675547936, 'l': 675547936, 'T': 1697967130310, 'm': False, 'M': True}
2023-10-22 15:02:10,521 - INFO - {'e': 'aggTrade', 'E': 1697967130310, 's': 'BNBUSDT', 'a': 503443672, 'p': '214.70000000', 'q': '1.00600000', 'f': 675547936, 'l': 675547936, 'T': 1697967130310, 'm': False, 'M': True}
2023-10-22 15:02:12,576 - INFO - {'e': 'aggTrade', 'E': 1697967130310, 's': 'BNBUSDT', 'a': 503443672, 'p': '214.70000000', 'q': '1.00600000', 'f': 675547936, 'l': 675547936, 'T': 1697967130310, 'm': False, 'M': True}
2023-10-22 15:02:12,582 - INFO - {'e': 'aggTrade', 'E': 1697967130310, 's': 'BNBUSDT', 'a': 503443672, 'p': '214.70000000', 'q': '1.00600000', 'f': 675547936, 'l': 675547936, 'T': 1697967130310, 'm': False, 'M': True}
2023-10-22 15:02:14,634 - INFO - {'e': 'aggTrade', 'E': 1697967134121, 's': 'BNBUSDT', 'a': 503443673, 'p': '214.70000000', 'q': '0.13900000', 'f': 675547937, 'l': 675547937, 'T': 1697967134120, 'm': False, 'M': True}
2023-10-22 15:02:14,634 - INFO - {'e': 'aggTrade', 'E': 1697967134121, 's': 'BNBUSDT', 'a': 503443673, 'p': '214.70000000', 'q': '0.13900000', 'f': 675547937, 'l': 675547937, 'T': 1697967134120, 'm': False, 'M': True}
2023-10-22 15:02:16,697 - INFO - {'e': 'aggTrade', 'E': 1697967136804, 's': 'BNBUSDT', 'a': 503443674, 'p': '214.70000000', 'q': '0.09400000', 'f': 675547938, 'l': 675547938, 'T': 1697967136803, 'm': False, 'M': True}
2023-10-22 15:02:16,697 - INFO - {'e': 'aggTrade', 'E': 1697967136804, 's': 'BNBUSDT', 'a': 503443674, 'p': '214.70000000', 'q': '0.09400000', 'f': 675547938, 'l': 675547938, 'T': 1697967136803, 'm': False, 'M': True}
2023-10-22 15:02:18,727 - INFO - {'e': 'aggTrade', 'E': 1697967138702, 's': 'BNBUSDT', 'a': 503443675, 'p': '214.70000000', 'q': '0.04900000', 'f': 675547939, 'l': 675547939, 'T': 1697967138702, 'm': False, 'M': True}
2023-10-22 15:02:18,727 - INFO - {'e': 'aggTrade', 'E': 1697967138702, 's': 'BNBUSDT', 'a': 503443675, 'p': '214.70000000', 'q': '0.04900000', 'f': 675547939, 'l': 675547939, 'T': 1697967138702, 'm': False, 'M': True}
2023-10-22 15:02:20,777 - INFO - {'e': 'aggTrade', 'E': 1697967138702, 's': 'BNBUSDT', 'a': 503443675, 'p': '214.70000000', 'q': '0.04900000', 'f': 675547939, 'l': 675547939, 'T': 1697967138702, 'm': False, 'M': True}
2023-10-22 15:02:20,777 - INFO - {'e': 'aggTrade', 'E': 1697967138702, 's': 'BNBUSDT', 'a': 503443675, 'p': '214.70000000', 'q': '0.04900000', 'f': 675547939, 'l': 675547939, 'T': 1697967138702, 'm': False, 'M': True}
2023-10-22 15:02:22,827 - INFO - {'e': 'aggTrade', 'E': 1697967138702, 's': 'BNBUSDT', 'a': 503443675, 'p': '214.70000000', 'q': '0.04900000', 'f': 675547939, 'l': 675547939, 'T': 1697967138702, 'm': False, 'M': True}
2023-10-22 15:02:22,827 - INFO - {'e': 'aggTrade', 'E': 1697967138702, 's': 'BNBUSDT', 'a': 503443675, 'p': '214.70000000', 'q': '0.04900000', 'f': 675547939, 'l': 675547939, 'T': 1697967138702, 'm': False, 'M': True}
2023-10-22 15:02:24,883 - INFO - {'e': 'aggTrade', 'E': 1697967138702, 's': 'BNBUSDT', 'a': 503443675, 'p': '214.70000000', 'q': '0.04900000', 'f': 675547939, 'l': 675547939, 'T': 1697967138702, 'm': False, 'M': True}
2023-10-22 15:02:24,884 - INFO - {'e': 'aggTrade', 'E': 1697967138702, 's': 'BNBUSDT', 'a': 503443675, 'p': '214.70000000', 'q': '0.04900000', 'f': 675547939, 'l': 675547939, 'T': 1697967138702, 'm': False, 'M': True}
2023-10-22 15:02:26,943 - INFO - {'e': 'aggTrade', 'E': 1697967138702, 's': 'BNBUSDT', 'a': 503443675, 'p': '214.70000000', 'q': '0.04900000', 'f': 675547939, 'l': 675547939, 'T': 1697967138702, 'm': False, 'M': True}
2023-10-22 15:02:26,943 - INFO - {'e': 'aggTrade', 'E': 1697967138702, 's': 'BNBUSDT', 'a': 503443675, 'p': '214.70000000', 'q': '0.04900000', 'f': 675547939, 'l': 675547939, 'T': 1697967138702, 'm': False, 'M': True}
2023-10-22 15:02:29,002 - INFO - {'e': 'aggTrade', 'E': 1697967148862, 's': 'BNBUSDT', 'a': 503443678, 'p': '214.60000000', 'q': '0.06200000', 'f': 675547942, 'l': 675547942, 'T': 1697967148861, 'm': True, 'M': True}
2023-10-22 15:02:29,005 - INFO - {'e': 'aggTrade', 'E': 1697967148862, 's': 'BNBUSDT', 'a': 503443678, 'p': '214.60000000', 'q': '0.06200000', 'f': 675547942, 'l': 675547942, 'T': 1697967148861, 'm': True, 'M': True}
2023-10-22 15:02:31,056 - INFO - {'e': 'aggTrade', 'E': 1697967150351, 's': 'BNBUSDT', 'a': 503443680, 'p': '214.60000000', 'q': '0.04700000', 'f': 675547944, 'l': 675547944, 'T': 1697967150350, 'm': True, 'M': True}
2023-10-22 15:02:31,056 - INFO - {'e': 'aggTrade', 'E': 1697967150351, 's': 'BNBUSDT', 'a': 503443680, 'p': '214.60000000', 'q': '0.04700000', 'f': 675547944, 'l': 675547944, 'T': 1697967150350, 'm': True, 'M': True}
2023-10-22 15:02:33,131 - INFO - {'e': 'aggTrade', 'E': 1697967153350, 's': 'BNBUSDT', 'a': 503443685, 'p': '214.60000000', 'q': '1.40000000', 'f': 675547949, 'l': 675547949, 'T': 1697967153349, 'm': True, 'M': True}
2023-10-22 15:02:33,134 - INFO - {'e': 'aggTrade', 'E': 1697967153350, 's': 'BNBUSDT', 'a': 503443685, 'p': '214.60000000', 'q': '1.40000000', 'f': 675547949, 'l': 675547949, 'T': 1697967153349, 'm': True, 'M': True}
2023-10-22 15:02:35,171 - INFO - {'e': 'aggTrade', 'E': 1697967155435, 's': 'BNBUSDT', 'a': 503443696, 'p': '214.60000000', 'q': '1.40000000', 'f': 675547963, 'l': 675547963, 'T': 1697967155435, 'm': True, 'M': True}
2023-10-22 15:02:35,171 - INFO - {'e': 'aggTrade', 'E': 1697967155435, 's': 'BNBUSDT', 'a': 503443696, 'p': '214.60000000', 'q': '1.40000000', 'f': 675547963, 'l': 675547963, 'T': 1697967155435, 'm': True, 'M': True}
2023-10-22 15:02:37,228 - INFO - {'e': 'aggTrade', 'E': 1697967155537, 's': 'BNBUSDT', 'a': 503443703, 'p': '214.50000000', 'q': '8.64400000', 'f': 675547994, 'l': 675547994, 'T': 1697967155536, 'm': True, 'M': True}
2023-10-22 15:02:37,228 - INFO - {'e': 'aggTrade', 'E': 1697967155537, 's': 'BNBUSDT', 'a': 503443703, 'p': '214.50000000', 'q': '8.64400000', 'f': 675547994, 'l': 675547994, 'T': 1697967155536, 'm': True, 'M': True}
2023-10-22 15:02:39,274 - INFO - {'e': 'aggTrade', 'E': 1697967159274, 's': 'BNBUSDT', 'a': 503443705, 'p': '214.60000000', 'q': '0.24600000', 'f': 675547996, 'l': 675547996, 'T': 1697967159274, 'm': False, 'M': True}
2023-10-22 15:02:39,274 - INFO - {'e': 'aggTrade', 'E': 1697967159274, 's': 'BNBUSDT', 'a': 503443705, 'p': '214.60000000', 'q': '0.24600000', 'f': 675547996, 'l': 675547996, 'T': 1697967159274, 'm': False, 'M': True}
2023-10-22 15:02:41,351 - INFO - {'e': 'aggTrade', 'E': 1697967160823, 's': 'BNBUSDT', 'a': 503443707, 'p': '214.60000000', 'q': '0.02700000', 'f': 675547998, 'l': 675547998, 'T': 1697967160822, 'm': False, 'M': True}
2023-10-22 15:02:41,352 - INFO - {'e': 'aggTrade', 'E': 1697967160823, 's': 'BNBUSDT', 'a': 503443707, 'p': '214.60000000', 'q': '0.02700000', 'f': 675547998, 'l': 675547998, 'T': 1697967160822, 'm': False, 'M': True}
2023-10-22 15:02:43,383 - INFO - {'e': 'aggTrade', 'E': 1697967162734, 's': 'BNBUSDT', 'a': 503443708, 'p': '214.50000000', 'q': '0.03700000', 'f': 675547999, 'l': 675547999, 'T': 1697967162733, 'm': True, 'M': True}
2023-10-22 15:02:43,383 - INFO - {'e': 'aggTrade', 'E': 1697967162734, 's': 'BNBUSDT', 'a': 503443708, 'p': '214.50000000', 'q': '0.03700000', 'f': 675547999, 'l': 675547999, 'T': 1697967162733, 'm': True, 'M': True}
2023-10-22 15:02:45,420 - INFO - {'e': 'aggTrade', 'E': 1697967162734, 's': 'BNBUSDT', 'a': 503443708, 'p': '214.50000000', 'q': '0.03700000', 'f': 675547999, 'l': 675547999, 'T': 1697967162733, 'm': True, 'M': True}
2023-10-22 15:02:45,422 - INFO - {'e': 'aggTrade', 'E': 1697967162734, 's': 'BNBUSDT', 'a': 503443708, 'p': '214.50000000', 'q': '0.03700000', 'f': 675547999, 'l': 675547999, 'T': 1697967162733, 'm': True, 'M': True}
2023-10-22 15:02:47,439 - INFO - {'e': 'aggTrade', 'E': 1697967162734, 's': 'BNBUSDT', 'a': 503443708, 'p': '214.50000000', 'q': '0.03700000', 'f': 675547999, 'l': 675547999, 'T': 1697967162733, 'm': True, 'M': True}
2023-10-22 15:02:47,439 - INFO - {'e': 'aggTrade', 'E': 1697967162734, 's': 'BNBUSDT', 'a': 503443708, 'p': '214.50000000', 'q': '0.03700000', 'f': 675547999, 'l': 675547999, 'T': 1697967162733, 'm': True, 'M': True}
2023-10-22 15:02:49,522 - INFO - {'e': 'aggTrade', 'E': 1697967169432, 's': 'BNBUSDT', 'a': 503443709, 'p': '214.50000000', 'q': '0.23800000', 'f': 675548000, 'l': 675548000, 'T': 1697967169431, 'm': True, 'M': True}
2023-10-22 15:02:49,523 - INFO - {'e': 'aggTrade', 'E': 1697967169432, 's': 'BNBUSDT', 'a': 503443709, 'p': '214.50000000', 'q': '0.23800000', 'f': 675548000, 'l': 675548000, 'T': 1697967169431, 'm': True, 'M': True}
2023-10-22 15:02:51,570 - INFO - {'e': 'aggTrade', 'E': 1697967171593, 's': 'BNBUSDT', 'a': 503443712, 'p': '214.50000000', 'q': '0.15600000', 'f': 675548003, 'l': 675548003, 'T': 1697967171592, 'm': True, 'M': True}
2023-10-22 15:02:51,570 - INFO - {'e': 'aggTrade', 'E': 1697967171593, 's': 'BNBUSDT', 'a': 503443712, 'p': '214.50000000', 'q': '0.15600000', 'f': 675548003, 'l': 675548003, 'T': 1697967171592, 'm': True, 'M': True}
2023-10-22 15:02:53,632 - INFO - {'e': 'aggTrade', 'E': 1697967173845, 's': 'BNBUSDT', 'a': 503443715, 'p': '214.60000000', 'q': '0.02500000', 'f': 675548006, 'l': 675548006, 'T': 1697967173845, 'm': False, 'M': True}
2023-10-22 15:02:53,633 - INFO - {'e': 'aggTrade', 'E': 1697967173845, 's': 'BNBUSDT', 'a': 503443715, 'p': '214.60000000', 'q': '0.02500000', 'f': 675548006, 'l': 675548006, 'T': 1697967173845, 'm': False, 'M': True}
2023-10-22 15:02:55,668 - INFO - {'e': 'aggTrade', 'E': 1697967175244, 's': 'BNBUSDT', 'a': 503443718, 'p': '214.60000000', 'q': '8.94200000', 'f': 675548009, 'l': 675548010, 'T': 1697967175244, 'm': False, 'M': True}
2023-10-22 15:02:55,670 - INFO - {'e': 'aggTrade', 'E': 1697967175244, 's': 'BNBUSDT', 'a': 503443718, 'p': '214.60000000', 'q': '8.94200000', 'f': 675548009, 'l': 675548010, 'T': 1697967175244, 'm': False, 'M': True}
2023-10-22 15:02:57,727 - INFO - {'e': 'aggTrade', 'E': 1697967175244, 's': 'BNBUSDT', 'a': 503443718, 'p': '214.60000000', 'q': '8.94200000', 'f': 675548009, 'l': 675548010, 'T': 1697967175244, 'm': False, 'M': True}
2023-10-22 15:02:57,729 - INFO - {'e': 'aggTrade', 'E': 1697967175244, 's': 'BNBUSDT', 'a': 503443718, 'p': '214.60000000', 'q': '8.94200000', 'f': 675548009, 'l': 675548010, 'T': 1697967175244, 'm': False, 'M': True}
2023-10-22 15:02:59,770 - INFO - {'e': 'aggTrade', 'E': 1697967178342, 's': 'BNBUSDT', 'a': 503443720, 'p': '214.50000000', 'q': '0.20000000', 'f': 675548012, 'l': 675548012, 'T': 1697967178341, 'm': True, 'M': True}
2023-10-22 15:02:59,771 - INFO - {'e': 'aggTrade', 'E': 1697967178342, 's': 'BNBUSDT', 'a': 503443720, 'p': '214.50000000', 'q': '0.20000000', 'f': 675548012, 'l': 675548012, 'T': 1697967178341, 'm': True, 'M': True}
2023-10-22 15:03:01,811 - INFO - {'e': 'aggTrade', 'E': 1697967178342, 's': 'BNBUSDT', 'a': 503443720, 'p': '214.50000000', 'q': '0.20000000', 'f': 675548012, 'l': 675548012, 'T': 1697967178341, 'm': True, 'M': True}
2023-10-22 15:03:01,811 - INFO - {'e': 'aggTrade', 'E': 1697967178342, 's': 'BNBUSDT', 'a': 503443720, 'p': '214.50000000', 'q': '0.20000000', 'f': 675548012, 'l': 675548012, 'T': 1697967178341, 'm': True, 'M': True}
2023-10-22 15:03:03,866 - INFO - {'e': 'aggTrade', 'E': 1697967178342, 's': 'BNBUSDT', 'a': 503443720, 'p': '214.50000000', 'q': '0.20000000', 'f': 675548012, 'l': 675548012, 'T': 1697967178341, 'm': True, 'M': True}
2023-10-22 15:03:03,868 - INFO - {'e': 'aggTrade', 'E': 1697967178342, 's': 'BNBUSDT', 'a': 503443720, 'p': '214.50000000', 'q': '0.20000000', 'f': 675548012, 'l': 675548012, 'T': 1697967178341, 'm': True, 'M': True}
2023-10-22 15:03:05,886 - INFO - {'e': 'aggTrade', 'E': 1697967184886, 's': 'BNBUSDT', 'a': 503443722, 'p': '214.60000000', 'q': '0.05800000', 'f': 675548014, 'l': 675548014, 'T': 1697967184885, 'm': False, 'M': True}
2023-10-22 15:03:05,886 - INFO - {'e': 'aggTrade', 'E': 1697967184886, 's': 'BNBUSDT', 'a': 503443722, 'p': '214.60000000', 'q': '0.05800000', 'f': 675548014, 'l': 675548014, 'T': 1697967184885, 'm': False, 'M': True}
2023-10-22 15:03:07,949 - INFO - {'e': 'aggTrade', 'E': 1697967188246, 's': 'BNBUSDT', 'a': 503443724, 'p': '214.60000000', 'q': '0.11400000', 'f': 675548016, 'l': 675548016, 'T': 1697967188245, 'm': False, 'M': True}
2023-10-22 15:03:07,951 - INFO - {'e': 'aggTrade', 'E': 1697967188246, 's': 'BNBUSDT', 'a': 503443724, 'p': '214.60000000', 'q': '0.11400000', 'f': 675548016, 'l': 675548016, 'T': 1697967188245, 'm': False, 'M': True}
2023-10-22 15:03:10,014 - INFO - {'e': 'aggTrade', 'E': 1697967189437, 's': 'BNBUSDT', 'a': 503443727, 'p': '214.50000000', 'q': '0.46600000', 'f': 675548019, 'l': 675548021, 'T': 1697967189436, 'm': True, 'M': True}
2023-10-22 15:03:10,015 - INFO - {'e': 'aggTrade', 'E': 1697967189437, 's': 'BNBUSDT', 'a': 503443727, 'p': '214.50000000', 'q': '0.46600000', 'f': 675548019, 'l': 675548021, 'T': 1697967189436, 'm': True, 'M': True}
2023-10-22 15:03:12,059 - INFO - {'e': 'aggTrade', 'E': 1697967189437, 's': 'BNBUSDT', 'a': 503443727, 'p': '214.50000000', 'q': '0.46600000', 'f': 675548019, 'l': 675548021, 'T': 1697967189436, 'm': True, 'M': True}
2023-10-22 15:03:12,061 - INFO - {'e': 'aggTrade', 'E': 1697967189437, 's': 'BNBUSDT', 'a': 503443727, 'p': '214.50000000', 'q': '0.46600000', 'f': 675548019, 'l': 675548021, 'T': 1697967189436, 'm': True, 'M': True}
2023-10-22 15:03:14,091 - INFO - {'e': 'aggTrade', 'E': 1697967189437, 's': 'BNBUSDT', 'a': 503443727, 'p': '214.50000000', 'q': '0.46600000', 'f': 675548019, 'l': 675548021, 'T': 1697967189436, 'm': True, 'M': True}
2023-10-22 15:03:14,092 - INFO - {'e': 'aggTrade', 'E': 1697967189437, 's': 'BNBUSDT', 'a': 503443727, 'p': '214.50000000', 'q': '0.46600000', 'f': 675548019, 'l': 675548021, 'T': 1697967189436, 'm': True, 'M': True}
2023-10-22 15:03:16,143 - INFO - {'e': 'aggTrade', 'E': 1697967195075, 's': 'BNBUSDT', 'a': 503443728, 'p': '214.50000000', 'q': '0.08700000', 'f': 675548022, 'l': 675548022, 'T': 1697967195074, 'm': True, 'M': True}
2023-10-22 15:03:16,145 - INFO - {'e': 'aggTrade', 'E': 1697967195075, 's': 'BNBUSDT', 'a': 503443728, 'p': '214.50000000', 'q': '0.08700000', 'f': 675548022, 'l': 675548022, 'T': 1697967195074, 'm': True, 'M': True}
2023-10-22 15:03:18,198 - INFO - {'e': 'aggTrade', 'E': 1697967197646, 's': 'BNBUSDT', 'a': 503443729, 'p': '214.60000000', 'q': '0.10000000', 'f': 675548023, 'l': 675548023, 'T': 1697967197645, 'm': False, 'M': True}
2023-10-22 15:03:18,198 - INFO - {'e': 'aggTrade', 'E': 1697967197646, 's': 'BNBUSDT', 'a': 503443729, 'p': '214.60000000', 'q': '0.10000000', 'f': 675548023, 'l': 675548023, 'T': 1697967197645, 'm': False, 'M': True}
2023-10-22 15:03:20,232 - INFO - {'e': 'aggTrade', 'E': 1697967197646, 's': 'BNBUSDT', 'a': 503443729, 'p': '214.60000000', 'q': '0.10000000', 'f': 675548023, 'l': 675548023, 'T': 1697967197645, 'm': False, 'M': True}
2023-10-22 15:03:20,232 - INFO - {'e': 'aggTrade', 'E': 1697967197646, 's': 'BNBUSDT', 'a': 503443729, 'p': '214.60000000', 'q': '0.10000000', 'f': 675548023, 'l': 675548023, 'T': 1697967197645, 'm': False, 'M': True}
2023-10-22 15:03:22,280 - INFO - {'e': 'aggTrade', 'E': 1697967201783, 's': 'BNBUSDT', 'a': 503443730, 'p': '214.60000000', 'q': '4.65900000', 'f': 675548024, 'l': 675548024, 'T': 1697967201782, 'm': False, 'M': True}
2023-10-22 15:03:22,294 - INFO - {'e': 'aggTrade', 'E': 1697967201783, 's': 'BNBUSDT', 'a': 503443730, 'p': '214.60000000', 'q': '4.65900000', 'f': 675548024, 'l': 675548024, 'T': 1697967201782, 'm': False, 'M': True}
2023-10-22 15:03:24,334 - INFO - {'e': 'aggTrade', 'E': 1697967201783, 's': 'BNBUSDT', 'a': 503443730, 'p': '214.60000000', 'q': '4.65900000', 'f': 675548024, 'l': 675548024, 'T': 1697967201782, 'm': False, 'M': True}
2023-10-22 15:03:24,337 - INFO - {'e': 'aggTrade', 'E': 1697967201783, 's': 'BNBUSDT', 'a': 503443730, 'p': '214.60000000', 'q': '4.65900000', 'f': 675548024, 'l': 675548024, 'T': 1697967201782, 'm': False, 'M': True}
2023-10-22 15:03:26,367 - INFO - {'e': 'aggTrade', 'E': 1697967206444, 's': 'BNBUSDT', 'a': 503443732, 'p': '214.60000000', 'q': '0.23200000', 'f': 675548026, 'l': 675548026, 'T': 1697967206443, 'm': False, 'M': True}
2023-10-22 15:03:26,367 - INFO - {'e': 'aggTrade', 'E': 1697967206444, 's': 'BNBUSDT', 'a': 503443732, 'p': '214.60000000', 'q': '0.23200000', 'f': 675548026, 'l': 675548026, 'T': 1697967206443, 'm': False, 'M': True}
2023-10-22 15:03:28,408 - INFO - {'e': 'aggTrade', 'E': 1697967206791, 's': 'BNBUSDT', 'a': 503443733, 'p': '214.60000000', 'q': '0.04900000', 'f': 675548027, 'l': 675548027, 'T': 1697967206790, 'm': False, 'M': True}
2023-10-22 15:03:28,410 - INFO - {'e': 'aggTrade', 'E': 1697967206791, 's': 'BNBUSDT', 'a': 503443733, 'p': '214.60000000', 'q': '0.04900000', 'f': 675548027, 'l': 675548027, 'T': 1697967206790, 'm': False, 'M': True}
2023-10-22 15:03:30,466 - INFO - {'e': 'aggTrade', 'E': 1697967209808, 's': 'BNBUSDT', 'a': 503443735, 'p': '214.50000000', 'q': '0.04600000', 'f': 675548029, 'l': 675548029, 'T': 1697967209807, 'm': True, 'M': True}
2023-10-22 15:03:30,468 - INFO - {'e': 'aggTrade', 'E': 1697967209808, 's': 'BNBUSDT', 'a': 503443735, 'p': '214.50000000', 'q': '0.04600000', 'f': 675548029, 'l': 675548029, 'T': 1697967209807, 'm': True, 'M': True}
2023-10-22 15:03:32,519 - INFO - {'e': 'aggTrade', 'E': 1697967212499, 's': 'BNBUSDT', 'a': 503443737, 'p': '214.50000000', 'q': '0.08600000', 'f': 675548031, 'l': 675548031, 'T': 1697967212499, 'm': True, 'M': True}
2023-10-22 15:03:32,521 - INFO - {'e': 'aggTrade', 'E': 1697967212499, 's': 'BNBUSDT', 'a': 503443737, 'p': '214.50000000', 'q': '0.08600000', 'f': 675548031, 'l': 675548031, 'T': 1697967212499, 'm': True, 'M': True}
2023-10-22 15:03:34,568 - INFO - {'e': 'aggTrade', 'E': 1697967212842, 's': 'BNBUSDT', 'a': 503443738, 'p': '214.60000000', 'q': '0.47900000', 'f': 675548032, 'l': 675548032, 'T': 1697967212842, 'm': False, 'M': True}
2023-10-22 15:03:34,570 - INFO - {'e': 'aggTrade', 'E': 1697967212842, 's': 'BNBUSDT', 'a': 503443738, 'p': '214.60000000', 'q': '0.47900000', 'f': 675548032, 'l': 675548032, 'T': 1697967212842, 'm': False, 'M': True}
2023-10-22 15:03:36,625 - INFO - {'e': 'aggTrade', 'E': 1697967216421, 's': 'BNBUSDT', 'a': 503443749, 'p': '214.60000000', 'q': '0.06900000', 'f': 675548043, 'l': 675548043, 'T': 1697967216420, 'm': False, 'M': True}
2023-10-22 15:03:36,625 - INFO - {'e': 'aggTrade', 'E': 1697967216421, 's': 'BNBUSDT', 'a': 503443749, 'p': '214.60000000', 'q': '0.06900000', 'f': 675548043, 'l': 675548043, 'T': 1697967216420, 'm': False, 'M': True}
2023-10-22 15:03:38,693 - INFO - {'e': 'aggTrade', 'E': 1697967217553, 's': 'BNBUSDT', 'a': 503443750, 'p': '214.60000000', 'q': '4.65900000', 'f': 675548044, 'l': 675548044, 'T': 1697967217552, 'm': False, 'M': True}
2023-10-22 15:03:38,693 - INFO - {'e': 'aggTrade', 'E': 1697967217553, 's': 'BNBUSDT', 'a': 503443750, 'p': '214.60000000', 'q': '4.65900000', 'f': 675548044, 'l': 675548044, 'T': 1697967217552, 'm': False, 'M': True}
2023-10-22 15:03:40,727 - INFO - {'e': 'aggTrade', 'E': 1697967220899, 's': 'BNBUSDT', 'a': 503443751, 'p': '214.50000000', 'q': '0.03000000', 'f': 675548045, 'l': 675548045, 'T': 1697967220898, 'm': True, 'M': True}
2023-10-22 15:03:40,727 - INFO - {'e': 'aggTrade', 'E': 1697967220899, 's': 'BNBUSDT', 'a': 503443751, 'p': '214.50000000', 'q': '0.03000000', 'f': 675548045, 'l': 675548045, 'T': 1697967220898, 'm': True, 'M': True}
2023-10-22 15:03:42,811 - INFO - {'e': 'aggTrade', 'E': 1697967221671, 's': 'BNBUSDT', 'a': 503443753, 'p': '214.60000000', 'q': '0.09300000', 'f': 675548047, 'l': 675548047, 'T': 1697967221670, 'm': False, 'M': True}
2023-10-22 15:03:42,811 - INFO - {'e': 'aggTrade', 'E': 1697967221671, 's': 'BNBUSDT', 'a': 503443753, 'p': '214.60000000', 'q': '0.09300000', 'f': 675548047, 'l': 675548047, 'T': 1697967221670, 'm': False, 'M': True}
2023-10-22 15:03:44,871 - INFO - {'e': 'aggTrade', 'E': 1697967221671, 's': 'BNBUSDT', 'a': 503443753, 'p': '214.60000000', 'q': '0.09300000', 'f': 675548047, 'l': 675548047, 'T': 1697967221670, 'm': False, 'M': True}
2023-10-22 15:03:44,871 - INFO - {'e': 'aggTrade', 'E': 1697967221671, 's': 'BNBUSDT', 'a': 503443753, 'p': '214.60000000', 'q': '0.09300000', 'f': 675548047, 'l': 675548047, 'T': 1697967221670, 'm': False, 'M': True}
2023-10-22 15:03:46,938 - INFO - {'e': 'aggTrade', 'E': 1697967226642, 's': 'BNBUSDT', 'a': 503443756, 'p': '214.50000000', 'q': '0.02900000', 'f': 675548050, 'l': 675548050, 'T': 1697967226641, 'm': True, 'M': True}
2023-10-22 15:03:46,938 - INFO - {'e': 'aggTrade', 'E': 1697967226642, 's': 'BNBUSDT', 'a': 503443756, 'p': '214.50000000', 'q': '0.02900000', 'f': 675548050, 'l': 675548050, 'T': 1697967226641, 'm': True, 'M': True}
2023-10-22 15:03:48,992 - INFO - {'e': 'aggTrade', 'E': 1697967226642, 's': 'BNBUSDT', 'a': 503443756, 'p': '214.50000000', 'q': '0.02900000', 'f': 675548050, 'l': 675548050, 'T': 1697967226641, 'm': True, 'M': True}
2023-10-22 15:03:48,993 - INFO - {'e': 'aggTrade', 'E': 1697967226642, 's': 'BNBUSDT', 'a': 503443756, 'p': '214.50000000', 'q': '0.02900000', 'f': 675548050, 'l': 675548050, 'T': 1697967226641, 'm': True, 'M': True}
2023-10-22 15:11:40,219 - INFO - {'e': 'aggTrade', 'E': 1697967699494, 's': 'BTCUSDT', 'a': 2732882407, 'p': '29914.32000000', 'q': '0.00712000', 'f': 3249636445, 'l': 3249636445, 'T': 1697967699493, 'm': False, 'M': True}
2023-10-22 15:11:40,230 - INFO - {'e': 'aggTrade', 'E': 1697967699494, 's': 'BTCUSDT', 'a': 2732882407, 'p': '29914.32000000', 'q': '0.00712000', 'f': 3249636445, 'l': 3249636445, 'T': 1697967699493, 'm': False, 'M': True}
2023-10-22 15:11:42,288 - INFO - {'e': 'aggTrade', 'E': 1697967701892, 's': 'BTCUSDT', 'a': 2732882410, 'p': '29914.32000000', 'q': '0.03011000', 'f': 3249636448, 'l': 3249636448, 'T': 1697967701892, 'm': False, 'M': True}
2023-10-22 15:11:42,288 - INFO - {'e': 'aggTrade', 'E': 1697967701892, 's': 'BTCUSDT', 'a': 2732882410, 'p': '29914.32000000', 'q': '0.03011000', 'f': 3249636448, 'l': 3249636448, 'T': 1697967701892, 'm': False, 'M': True}
2023-10-22 15:11:44,349 - INFO - {'e': 'aggTrade', 'E': 1697967703505, 's': 'BTCUSDT', 'a': 2732882413, 'p': '29914.32000000', 'q': '0.00520000', 'f': 3249636451, 'l': 3249636451, 'T': 1697967703505, 'm': False, 'M': True}
2023-10-22 15:11:44,355 - INFO - {'e': 'aggTrade', 'E': 1697967703505, 's': 'BTCUSDT', 'a': 2732882413, 'p': '29914.32000000', 'q': '0.00520000', 'f': 3249636451, 'l': 3249636451, 'T': 1697967703505, 'm': False, 'M': True}
2023-10-22 15:11:46,414 - INFO - {'e': 'aggTrade', 'E': 1697967705134, 's': 'BTCUSDT', 'a': 2732882414, 'p': '29914.32000000', 'q': '0.00086000', 'f': 3249636452, 'l': 3249636452, 'T': 1697967705134, 'm': False, 'M': True}
2023-10-22 15:11:46,414 - INFO - {'e': 'aggTrade', 'E': 1697967705134, 's': 'BTCUSDT', 'a': 2732882414, 'p': '29914.32000000', 'q': '0.00086000', 'f': 3249636452, 'l': 3249636452, 'T': 1697967705134, 'm': False, 'M': True}
2023-10-22 15:11:48,472 - INFO - {'e': 'aggTrade', 'E': 1697967708654, 's': 'BTCUSDT', 'a': 2732882417, 'p': '29914.31000000', 'q': '0.01071000', 'f': 3249636455, 'l': 3249636457, 'T': 1697967708653, 'm': True, 'M': True}
2023-10-22 15:11:48,490 - INFO - {'e': 'aggTrade', 'E': 1697967708654, 's': 'BTCUSDT', 'a': 2732882417, 'p': '29914.31000000', 'q': '0.01071000', 'f': 3249636455, 'l': 3249636457, 'T': 1697967708653, 'm': True, 'M': True}
2023-10-22 15:11:50,537 - INFO - {'e': 'aggTrade', 'E': 1697967709072, 's': 'BTCUSDT', 'a': 2732882419, 'p': '29914.32000000', 'q': '0.00166000', 'f': 3249636460, 'l': 3249636460, 'T': 1697967709072, 'm': False, 'M': True}
2023-10-22 15:11:50,542 - INFO - {'e': 'aggTrade', 'E': 1697967709072, 's': 'BTCUSDT', 'a': 2732882419, 'p': '29914.32000000', 'q': '0.00166000', 'f': 3249636460, 'l': 3249636460, 'T': 1697967709072, 'm': False, 'M': True}
2023-10-22 15:11:52,592 - INFO - {'e': 'aggTrade', 'E': 1697967709072, 's': 'BTCUSDT', 'a': 2732882419, 'p': '29914.32000000', 'q': '0.00166000', 'f': 3249636460, 'l': 3249636460, 'T': 1697967709072, 'm': False, 'M': True}
2023-10-22 15:11:52,599 - INFO - {'e': 'aggTrade', 'E': 1697967709072, 's': 'BTCUSDT', 'a': 2732882419, 'p': '29914.32000000', 'q': '0.00166000', 'f': 3249636460, 'l': 3249636460, 'T': 1697967709072, 'm': False, 'M': True}
2023-10-22 15:11:54,676 - INFO - {'e': 'aggTrade', 'E': 1697967714128, 's': 'BTCUSDT', 'a': 2732882421, 'p': '29914.31000000', 'q': '0.00643000', 'f': 3249636462, 'l': 3249636462, 'T': 1697967714127, 'm': True, 'M': True}
2023-10-22 15:11:54,676 - INFO - {'e': 'aggTrade', 'E': 1697967714128, 's': 'BTCUSDT', 'a': 2732882421, 'p': '29914.31000000', 'q': '0.00643000', 'f': 3249636462, 'l': 3249636462, 'T': 1697967714127, 'm': True, 'M': True}
2023-10-22 15:11:56,741 - INFO - {'e': 'aggTrade', 'E': 1697967717016, 's': 'BTCUSDT', 'a': 2732882424, 'p': '29914.32000000', 'q': '0.00033000', 'f': 3249636465, 'l': 3249636465, 'T': 1697967717015, 'm': False, 'M': True}
2023-10-22 15:11:56,742 - INFO - {'e': 'aggTrade', 'E': 1697967717016, 's': 'BTCUSDT', 'a': 2732882424, 'p': '29914.32000000', 'q': '0.00033000', 'f': 3249636465, 'l': 3249636465, 'T': 1697967717015, 'm': False, 'M': True}
2023-10-22 15:11:58,772 - INFO - {'e': 'aggTrade', 'E': 1697967718445, 's': 'BTCUSDT', 'a': 2732882464, 'p': '29914.99000000', 'q': '0.00062000', 'f': 3249636545, 'l': 3249636545, 'T': 1697967718444, 'm': True, 'M': True}
2023-10-22 15:11:58,772 - INFO - {'e': 'aggTrade', 'E': 1697967718445, 's': 'BTCUSDT', 'a': 2732882464, 'p': '29914.99000000', 'q': '0.00062000', 'f': 3249636545, 'l': 3249636545, 'T': 1697967718444, 'm': True, 'M': True}
2023-10-22 15:12:00,840 - INFO - {'e': 'aggTrade', 'E': 1697967720842, 's': 'BTCUSDT', 'a': 2732882621, 'p': '29917.69000000', 'q': '0.00739000', 'f': 3249636710, 'l': 3249636710, 'T': 1697967720841, 'm': True, 'M': True}
2023-10-22 15:12:00,846 - INFO - {'e': 'aggTrade', 'E': 1697967720842, 's': 'BTCUSDT', 'a': 2732882621, 'p': '29917.69000000', 'q': '0.00739000', 'f': 3249636710, 'l': 3249636710, 'T': 1697967720841, 'm': True, 'M': True}
2023-10-22 15:12:02,887 - INFO - {'e': 'aggTrade', 'E': 1697967723155, 's': 'BTCUSDT', 'a': 2732882675, 'p': '29915.37000000', 'q': '0.00761000', 'f': 3249636800, 'l': 3249636800, 'T': 1697967723154, 'm': False, 'M': True}
2023-10-22 15:12:02,887 - INFO - {'e': 'aggTrade', 'E': 1697967723155, 's': 'BTCUSDT', 'a': 2732882675, 'p': '29915.37000000', 'q': '0.00761000', 'f': 3249636800, 'l': 3249636800, 'T': 1697967723154, 'm': False, 'M': True}
2023-10-22 15:12:04,936 - INFO - {'e': 'aggTrade', 'E': 1697967724786, 's': 'BTCUSDT', 'a': 2732882676, 'p': '29915.36000000', 'q': '0.00251000', 'f': 3249636801, 'l': 3249636801, 'T': 1697967724786, 'm': True, 'M': True}
2023-10-22 15:12:04,944 - INFO - {'e': 'aggTrade', 'E': 1697967724786, 's': 'BTCUSDT', 'a': 2732882676, 'p': '29915.36000000', 'q': '0.00251000', 'f': 3249636801, 'l': 3249636801, 'T': 1697967724786, 'm': True, 'M': True}
2023-10-22 15:12:07,019 - INFO - {'e': 'aggTrade', 'E': 1697967727247, 's': 'BTCUSDT', 'a': 2732882683, 'p': '29915.37000000', 'q': '0.00093000', 'f': 3249636808, 'l': 3249636808, 'T': 1697967727246, 'm': False, 'M': True}
2023-10-22 15:12:07,024 - INFO - {'e': 'aggTrade', 'E': 1697967727247, 's': 'BTCUSDT', 'a': 2732882683, 'p': '29915.37000000', 'q': '0.00093000', 'f': 3249636808, 'l': 3249636808, 'T': 1697967727246, 'm': False, 'M': True}
2023-10-22 15:12:09,086 - INFO - {'e': 'aggTrade', 'E': 1697967729376, 's': 'BTCUSDT', 'a': 2732882685, 'p': '29915.36000000', 'q': '0.03255000', 'f': 3249636810, 'l': 3249636810, 'T': 1697967729375, 'm': True, 'M': True}
2023-10-22 15:12:09,086 - INFO - {'e': 'aggTrade', 'E': 1697967729376, 's': 'BTCUSDT', 'a': 2732882685, 'p': '29915.36000000', 'q': '0.03255000', 'f': 3249636810, 'l': 3249636810, 'T': 1697967729375, 'm': True, 'M': True}
2023-10-22 15:12:11,119 - INFO - {'e': 'aggTrade', 'E': 1697967729716, 's': 'BTCUSDT', 'a': 2732882687, 'p': '29915.36000000', 'q': '0.00078000', 'f': 3249636812, 'l': 3249636812, 'T': 1697967729716, 'm': True, 'M': True}
2023-10-22 15:12:11,119 - INFO - {'e': 'aggTrade', 'E': 1697967729716, 's': 'BTCUSDT', 'a': 2732882687, 'p': '29915.36000000', 'q': '0.00078000', 'f': 3249636812, 'l': 3249636812, 'T': 1697967729716, 'm': True, 'M': True}
2023-10-22 15:12:13,175 - INFO - {'e': 'aggTrade', 'E': 1697967733162, 's': 'BTCUSDT', 'a': 2732882690, 'p': '29915.36000000', 'q': '0.00043000', 'f': 3249636815, 'l': 3249636815, 'T': 1697967733162, 'm': True, 'M': True}
2023-10-22 15:12:13,183 - INFO - {'e': 'aggTrade', 'E': 1697967733162, 's': 'BTCUSDT', 'a': 2732882690, 'p': '29915.36000000', 'q': '0.00043000', 'f': 3249636815, 'l': 3249636815, 'T': 1697967733162, 'm': True, 'M': True}
2023-10-22 15:12:15,237 - INFO - {'e': 'aggTrade', 'E': 1697967734855, 's': 'BTCUSDT', 'a': 2732882693, 'p': '29915.36000000', 'q': '0.04929000', 'f': 3249636818, 'l': 3249636818, 'T': 1697967734855, 'm': True, 'M': True}
2023-10-22 15:12:15,237 - INFO - {'e': 'aggTrade', 'E': 1697967734855, 's': 'BTCUSDT', 'a': 2732882693, 'p': '29915.36000000', 'q': '0.04929000', 'f': 3249636818, 'l': 3249636818, 'T': 1697967734855, 'm': True, 'M': True}
2023-10-22 15:12:17,278 - INFO - {'e': 'aggTrade', 'E': 1697967737244, 's': 'BTCUSDT', 'a': 2732882696, 'p': '29915.37000000', 'q': '0.00127000', 'f': 3249636821, 'l': 3249636821, 'T': 1697967737243, 'm': False, 'M': True}
2023-10-22 15:12:17,279 - INFO - {'e': 'aggTrade', 'E': 1697967737244, 's': 'BTCUSDT', 'a': 2732882696, 'p': '29915.37000000', 'q': '0.00127000', 'f': 3249636821, 'l': 3249636821, 'T': 1697967737243, 'm': False, 'M': True}
2023-10-22 15:12:19,347 - INFO - {'e': 'aggTrade', 'E': 1697967739098, 's': 'BTCUSDT', 'a': 2732882699, 'p': '29915.37000000', 'q': '0.00424000', 'f': 3249636824, 'l': 3249636824, 'T': 1697967739098, 'm': False, 'M': True}
2023-10-22 15:12:19,352 - INFO - {'e': 'aggTrade', 'E': 1697967739098, 's': 'BTCUSDT', 'a': 2732882699, 'p': '29915.37000000', 'q': '0.00424000', 'f': 3249636824, 'l': 3249636824, 'T': 1697967739098, 'm': False, 'M': True}
2023-10-22 15:12:21,411 - INFO - {'e': 'aggTrade', 'E': 1697967740667, 's': 'BTCUSDT', 'a': 2732882700, 'p': '29915.37000000', 'q': '0.00057000', 'f': 3249636825, 'l': 3249636825, 'T': 1697967740667, 'm': False, 'M': True}
2023-10-22 15:12:21,416 - INFO - {'e': 'aggTrade', 'E': 1697967740667, 's': 'BTCUSDT', 'a': 2732882700, 'p': '29915.37000000', 'q': '0.00057000', 'f': 3249636825, 'l': 3249636825, 'T': 1697967740667, 'm': False, 'M': True}
2023-10-22 15:12:23,465 - INFO - {'e': 'aggTrade', 'E': 1697967743728, 's': 'BTCUSDT', 'a': 2732882708, 'p': '29915.36000000', 'q': '0.00995000', 'f': 3249636833, 'l': 3249636833, 'T': 1697967743727, 'm': True, 'M': True}
2023-10-22 15:12:23,465 - INFO - {'e': 'aggTrade', 'E': 1697967743728, 's': 'BTCUSDT', 'a': 2732882708, 'p': '29915.36000000', 'q': '0.00995000', 'f': 3249636833, 'l': 3249636833, 'T': 1697967743727, 'm': True, 'M': True}
2023-10-22 15:12:25,511 - INFO - {'e': 'aggTrade', 'E': 1697967744088, 's': 'BTCUSDT', 'a': 2732882709, 'p': '29915.37000000', 'q': '0.01195000', 'f': 3249636834, 'l': 3249636834, 'T': 1697967744088, 'm': False, 'M': True}
2023-10-22 15:12:25,516 - INFO - {'e': 'aggTrade', 'E': 1697967744088, 's': 'BTCUSDT', 'a': 2732882709, 'p': '29915.37000000', 'q': '0.01195000', 'f': 3249636834, 'l': 3249636834, 'T': 1697967744088, 'm': False, 'M': True}
2023-10-22 15:12:27,593 - INFO - {'e': 'aggTrade', 'E': 1697967747438, 's': 'BTCUSDT', 'a': 2732882715, 'p': '29915.36000000', 'q': '0.00025000', 'f': 3249636840, 'l': 3249636840, 'T': 1697967747437, 'm': True, 'M': True}
2023-10-22 15:12:27,597 - INFO - {'e': 'aggTrade', 'E': 1697967747438, 's': 'BTCUSDT', 'a': 2732882715, 'p': '29915.36000000', 'q': '0.00025000', 'f': 3249636840, 'l': 3249636840, 'T': 1697967747437, 'm': True, 'M': True}
2023-10-22 15:12:29,669 - INFO - {'e': 'aggTrade', 'E': 1697967749651, 's': 'BTCUSDT', 'a': 2732882719, 'p': '29915.37000000', 'q': '0.02188000', 'f': 3249636844, 'l': 3249636844, 'T': 1697967749650, 'm': False, 'M': True}
2023-10-22 15:12:29,674 - INFO - {'e': 'aggTrade', 'E': 1697967749651, 's': 'BTCUSDT', 'a': 2732882719, 'p': '29915.37000000', 'q': '0.02188000', 'f': 3249636844, 'l': 3249636844, 'T': 1697967749650, 'm': False, 'M': True}
2023-10-22 15:12:31,722 - INFO - {'e': 'aggTrade', 'E': 1697967751834, 's': 'BTCUSDT', 'a': 2732882725, 'p': '29915.36000000', 'q': '0.00066000', 'f': 3249636852, 'l': 3249636852, 'T': 1697967751833, 'm': True, 'M': True}
2023-10-22 15:12:31,722 - INFO - {'e': 'aggTrade', 'E': 1697967751834, 's': 'BTCUSDT', 'a': 2732882725, 'p': '29915.36000000', 'q': '0.00066000', 'f': 3249636852, 'l': 3249636852, 'T': 1697967751833, 'm': True, 'M': True}
2023-10-22 15:12:33,777 - INFO - {'e': 'aggTrade', 'E': 1697967752255, 's': 'BTCUSDT', 'a': 2732882727, 'p': '29915.36000000', 'q': '0.00670000', 'f': 3249636854, 'l': 3249636854, 'T': 1697967752255, 'm': True, 'M': True}
2023-10-22 15:12:33,782 - INFO - {'e': 'aggTrade', 'E': 1697967752255, 's': 'BTCUSDT', 'a': 2732882727, 'p': '29915.36000000', 'q': '0.00670000', 'f': 3249636854, 'l': 3249636854, 'T': 1697967752255, 'm': True, 'M': True}
2023-10-22 15:12:35,832 - INFO - {'e': 'aggTrade', 'E': 1697967754994, 's': 'BTCUSDT', 'a': 2732882728, 'p': '29915.37000000', 'q': '0.00057000', 'f': 3249636855, 'l': 3249636855, 'T': 1697967754993, 'm': False, 'M': True}
2023-10-22 15:12:35,832 - INFO - {'e': 'aggTrade', 'E': 1697967754994, 's': 'BTCUSDT', 'a': 2732882728, 'p': '29915.37000000', 'q': '0.00057000', 'f': 3249636855, 'l': 3249636855, 'T': 1697967754993, 'm': False, 'M': True}
2023-10-22 15:12:37,866 - INFO - {'e': 'aggTrade', 'E': 1697967756887, 's': 'BTCUSDT', 'a': 2732882730, 'p': '29915.37000000', 'q': '0.06282000', 'f': 3249636857, 'l': 3249636857, 'T': 1697967756886, 'm': False, 'M': True}
2023-10-22 15:12:37,868 - INFO - {'e': 'aggTrade', 'E': 1697967756887, 's': 'BTCUSDT', 'a': 2732882730, 'p': '29915.37000000', 'q': '0.06282000', 'f': 3249636857, 'l': 3249636857, 'T': 1697967756886, 'm': False, 'M': True}
2023-10-22 15:12:39,925 - INFO - {'e': 'aggTrade', 'E': 1697967759431, 's': 'BTCUSDT', 'a': 2732882731, 'p': '29915.37000000', 'q': '0.01279000', 'f': 3249636858, 'l': 3249636858, 'T': 1697967759430, 'm': False, 'M': True}
2023-10-22 15:12:39,929 - INFO - {'e': 'aggTrade', 'E': 1697967759431, 's': 'BTCUSDT', 'a': 2732882731, 'p': '29915.37000000', 'q': '0.01279000', 'f': 3249636858, 'l': 3249636858, 'T': 1697967759430, 'm': False, 'M': True}
2023-10-22 15:12:42,002 - INFO - {'e': 'aggTrade', 'E': 1697967761621, 's': 'BTCUSDT', 'a': 2732882788, 'p': '29918.66000000', 'q': '0.02000000', 'f': 3249636929, 'l': 3249636929, 'T': 1697967761620, 'm': True, 'M': True}
2023-10-22 15:12:42,002 - INFO - {'e': 'aggTrade', 'E': 1697967761621, 's': 'BTCUSDT', 'a': 2732882788, 'p': '29918.66000000', 'q': '0.02000000', 'f': 3249636929, 'l': 3249636929, 'T': 1697967761620, 'm': True, 'M': True}
2023-10-22 15:12:44,078 - INFO - {'e': 'aggTrade', 'E': 1697967764355, 's': 'BTCUSDT', 'a': 2732882794, 'p': '29918.67000000', 'q': '0.00709000', 'f': 3249636937, 'l': 3249636937, 'T': 1697967764355, 'm': False, 'M': True}
2023-10-22 15:12:44,083 - INFO - {'e': 'aggTrade', 'E': 1697967764355, 's': 'BTCUSDT', 'a': 2732882794, 'p': '29918.67000000', 'q': '0.00709000', 'f': 3249636937, 'l': 3249636937, 'T': 1697967764355, 'm': False, 'M': True}
2023-10-22 15:12:46,149 - INFO - {'e': 'aggTrade', 'E': 1697967764355, 's': 'BTCUSDT', 'a': 2732882794, 'p': '29918.67000000', 'q': '0.00709000', 'f': 3249636937, 'l': 3249636937, 'T': 1697967764355, 'm': False, 'M': True}
2023-10-22 15:12:46,149 - INFO - {'e': 'aggTrade', 'E': 1697967764355, 's': 'BTCUSDT', 'a': 2732882794, 'p': '29918.67000000', 'q': '0.00709000', 'f': 3249636937, 'l': 3249636937, 'T': 1697967764355, 'm': False, 'M': True}
2023-10-22 15:12:48,194 - INFO - {'e': 'aggTrade', 'E': 1697967768409, 's': 'BTCUSDT', 'a': 2732882800, 'p': '29918.67000000', 'q': '0.02008000', 'f': 3249636943, 'l': 3249636943, 'T': 1697967768408, 'm': False, 'M': True}
2023-10-22 15:12:48,195 - INFO - {'e': 'aggTrade', 'E': 1697967768409, 's': 'BTCUSDT', 'a': 2732882800, 'p': '29918.67000000', 'q': '0.02008000', 'f': 3249636943, 'l': 3249636943, 'T': 1697967768408, 'm': False, 'M': True}
2023-10-22 15:12:50,245 - INFO - {'e': 'aggTrade', 'E': 1697967769855, 's': 'BTCUSDT', 'a': 2732882805, 'p': '29918.67000000', 'q': '0.00057000', 'f': 3249636948, 'l': 3249636948, 'T': 1697967769854, 'm': False, 'M': True}
2023-10-22 15:12:50,251 - INFO - {'e': 'aggTrade', 'E': 1697967769855, 's': 'BTCUSDT', 'a': 2732882805, 'p': '29918.67000000', 'q': '0.00057000', 'f': 3249636948, 'l': 3249636948, 'T': 1697967769854, 'm': False, 'M': True}
2023-10-22 15:12:52,304 - INFO - {'e': 'aggTrade', 'E': 1697967772456, 's': 'BTCUSDT', 'a': 2732882815, 'p': '29918.66000000', 'q': '0.00063000', 'f': 3249636958, 'l': 3249636958, 'T': 1697967772455, 'm': True, 'M': True}
2023-10-22 15:12:52,310 - INFO - {'e': 'aggTrade', 'E': 1697967772456, 's': 'BTCUSDT', 'a': 2732882815, 'p': '29918.66000000', 'q': '0.00063000', 'f': 3249636958, 'l': 3249636958, 'T': 1697967772455, 'm': True, 'M': True}
2023-10-22 15:12:54,384 - INFO - {'e': 'aggTrade', 'E': 1697967773655, 's': 'BTCUSDT', 'a': 2732882820, 'p': '29918.66000000', 'q': '0.08975000', 'f': 3249636963, 'l': 3249636963, 'T': 1697967773655, 'm': True, 'M': True}
2023-10-22 15:12:54,390 - INFO - {'e': 'aggTrade', 'E': 1697967773655, 's': 'BTCUSDT', 'a': 2732882820, 'p': '29918.66000000', 'q': '0.08975000', 'f': 3249636963, 'l': 3249636963, 'T': 1697967773655, 'm': True, 'M': True}
2023-10-22 15:12:56,439 - INFO - {'e': 'aggTrade', 'E': 1697967776488, 's': 'BTCUSDT', 'a': 2732882827, 'p': '29918.67000000', 'q': '0.00028000', 'f': 3249636972, 'l': 3249636972, 'T': 1697967776487, 'm': False, 'M': True}
2023-10-22 15:12:56,439 - INFO - {'e': 'aggTrade', 'E': 1697967776488, 's': 'BTCUSDT', 'a': 2732882827, 'p': '29918.67000000', 'q': '0.00028000', 'f': 3249636972, 'l': 3249636972, 'T': 1697967776487, 'm': False, 'M': True}
2023-10-22 15:12:58,491 - INFO - {'e': 'aggTrade', 'E': 1697967778060, 's': 'BTCUSDT', 'a': 2732882836, 'p': '29918.67000000', 'q': '0.00034000', 'f': 3249636981, 'l': 3249636981, 'T': 1697967778059, 'm': False, 'M': True}
2023-10-22 15:12:58,491 - INFO - {'e': 'aggTrade', 'E': 1697967778060, 's': 'BTCUSDT', 'a': 2732882836, 'p': '29918.67000000', 'q': '0.00034000', 'f': 3249636981, 'l': 3249636981, 'T': 1697967778059, 'm': False, 'M': True}
2023-10-22 15:13:00,550 - INFO - {'e': 'aggTrade', 'E': 1697967780314, 's': 'BTCUSDT', 'a': 2732882979, 'p': '29921.05000000', 'q': '0.01824000', 'f': 3249637166, 'l': 3249637166, 'T': 1697967780314, 'm': True, 'M': True}
2023-10-22 15:13:00,552 - INFO - {'e': 'aggTrade', 'E': 1697967780314, 's': 'BTCUSDT', 'a': 2732882979, 'p': '29921.05000000', 'q': '0.01824000', 'f': 3249637166, 'l': 3249637166, 'T': 1697967780314, 'm': True, 'M': True}
2023-10-22 15:13:02,587 - INFO - {'e': 'aggTrade', 'E': 1697967782207, 's': 'BTCUSDT', 'a': 2732882984, 'p': '29921.05000000', 'q': '0.02000000', 'f': 3249637171, 'l': 3249637171, 'T': 1697967782207, 'm': True, 'M': True}
2023-10-22 15:13:02,587 - INFO - {'e': 'aggTrade', 'E': 1697967782207, 's': 'BTCUSDT', 'a': 2732882984, 'p': '29921.05000000', 'q': '0.02000000', 'f': 3249637171, 'l': 3249637171, 'T': 1697967782207, 'm': True, 'M': True}
2023-10-22 15:13:04,665 - INFO - {'e': 'aggTrade', 'E': 1697967784651, 's': 'BTCUSDT', 'a': 2732882989, 'p': '29921.05000000', 'q': '0.00323000', 'f': 3249637176, 'l': 3249637176, 'T': 1697967784650, 'm': True, 'M': True}
2023-10-22 15:13:04,667 - INFO - {'e': 'aggTrade', 'E': 1697967784651, 's': 'BTCUSDT', 'a': 2732882989, 'p': '29921.05000000', 'q': '0.00323000', 'f': 3249637176, 'l': 3249637176, 'T': 1697967784650, 'm': True, 'M': True}
2023-10-22 15:13:06,732 - INFO - {'e': 'aggTrade', 'E': 1697967786588, 's': 'BTCUSDT', 'a': 2732882991, 'p': '29921.05000000', 'q': '0.02000000', 'f': 3249637178, 'l': 3249637178, 'T': 1697967786588, 'm': True, 'M': True}
2023-10-22 15:13:06,735 - INFO - {'e': 'aggTrade', 'E': 1697967786588, 's': 'BTCUSDT', 'a': 2732882991, 'p': '29921.05000000', 'q': '0.02000000', 'f': 3249637178, 'l': 3249637178, 'T': 1697967786588, 'm': True, 'M': True}
2023-10-22 15:13:08,787 - INFO - {'e': 'aggTrade', 'E': 1697967788961, 's': 'BTCUSDT', 'a': 2732882994, 'p': '29921.06000000', 'q': '0.00173000', 'f': 3249637181, 'l': 3249637181, 'T': 1697967788960, 'm': False, 'M': True}
2023-10-22 15:13:08,787 - INFO - {'e': 'aggTrade', 'E': 1697967788961, 's': 'BTCUSDT', 'a': 2732882994, 'p': '29921.06000000', 'q': '0.00173000', 'f': 3249637181, 'l': 3249637181, 'T': 1697967788960, 'm': False, 'M': True}
2023-10-22 15:13:10,836 - INFO - {'e': 'aggTrade', 'E': 1697967790944, 's': 'BTCUSDT', 'a': 2732883002, 'p': '29921.05000000', 'q': '0.02000000', 'f': 3249637189, 'l': 3249637189, 'T': 1697967790943, 'm': True, 'M': True}
2023-10-22 15:13:10,836 - INFO - {'e': 'aggTrade', 'E': 1697967790944, 's': 'BTCUSDT', 'a': 2732883002, 'p': '29921.05000000', 'q': '0.02000000', 'f': 3249637189, 'l': 3249637189, 'T': 1697967790943, 'm': True, 'M': True}
2023-10-22 15:13:12,906 - INFO - {'e': 'aggTrade', 'E': 1697967793204, 's': 'BTCUSDT', 'a': 2732883008, 'p': '29921.05000000', 'q': '0.00134000', 'f': 3249637195, 'l': 3249637195, 'T': 1697967793204, 'm': True, 'M': True}
2023-10-22 15:13:12,907 - INFO - {'e': 'aggTrade', 'E': 1697967793204, 's': 'BTCUSDT', 'a': 2732883008, 'p': '29921.05000000', 'q': '0.00134000', 'f': 3249637195, 'l': 3249637195, 'T': 1697967793204, 'm': True, 'M': True}
2023-10-22 15:13:14,943 - INFO - {'e': 'aggTrade', 'E': 1697967794192, 's': 'BTCUSDT', 'a': 2732883010, 'p': '29921.06000000', 'q': '0.00202000', 'f': 3249637197, 'l': 3249637197, 'T': 1697967794191, 'm': False, 'M': True}
2023-10-22 15:13:14,951 - INFO - {'e': 'aggTrade', 'E': 1697967794192, 's': 'BTCUSDT', 'a': 2732883010, 'p': '29921.06000000', 'q': '0.00202000', 'f': 3249637197, 'l': 3249637197, 'T': 1697967794191, 'm': False, 'M': True}
2023-10-22 15:13:16,990 - INFO - {'e': 'aggTrade', 'E': 1697967796444, 's': 'BTCUSDT', 'a': 2732883014, 'p': '29921.06000000', 'q': '0.00020000', 'f': 3249637201, 'l': 3249637201, 'T': 1697967796443, 'm': False, 'M': True}
2023-10-22 15:13:16,990 - INFO - {'e': 'aggTrade', 'E': 1697967796444, 's': 'BTCUSDT', 'a': 2732883014, 'p': '29921.06000000', 'q': '0.00020000', 'f': 3249637201, 'l': 3249637201, 'T': 1697967796443, 'm': False, 'M': True}
2023-10-22 15:13:19,023 - INFO - {'e': 'aggTrade', 'E': 1697967798893, 's': 'BTCUSDT', 'a': 2732883107, 'p': '29924.64000000', 'q': '0.02540000', 'f': 3249637319, 'l': 3249637319, 'T': 1697967798893, 'm': True, 'M': True}
2023-10-22 15:13:19,023 - INFO - {'e': 'aggTrade', 'E': 1697967798893, 's': 'BTCUSDT', 'a': 2732883107, 'p': '29924.64000000', 'q': '0.02540000', 'f': 3249637319, 'l': 3249637319, 'T': 1697967798893, 'm': True, 'M': True}
2023-10-22 15:13:21,074 - INFO - {'e': 'aggTrade', 'E': 1697967801283, 's': 'BTCUSDT', 'a': 2732883111, 'p': '29924.65000000', 'q': '0.00395000', 'f': 3249637324, 'l': 3249637324, 'T': 1697967801283, 'm': False, 'M': True}
2023-10-22 15:13:21,074 - INFO - {'e': 'aggTrade', 'E': 1697967801283, 's': 'BTCUSDT', 'a': 2732883111, 'p': '29924.65000000', 'q': '0.00395000', 'f': 3249637324, 'l': 3249637324, 'T': 1697967801283, 'm': False, 'M': True}
2023-10-22 15:13:23,107 - INFO - {'e': 'aggTrade', 'E': 1697967802911, 's': 'BTCUSDT', 'a': 2732883119, 'p': '29924.65000000', 'q': '0.00186000', 'f': 3249637333, 'l': 3249637333, 'T': 1697967802910, 'm': False, 'M': True}
2023-10-22 15:13:23,108 - INFO - {'e': 'aggTrade', 'E': 1697967802911, 's': 'BTCUSDT', 'a': 2732883119, 'p': '29924.65000000', 'q': '0.00186000', 'f': 3249637333, 'l': 3249637333, 'T': 1697967802910, 'm': False, 'M': True}
2023-10-22 15:13:25,168 - INFO - {'e': 'aggTrade', 'E': 1697967805249, 's': 'BTCUSDT', 'a': 2732883126, 'p': '29924.65000000', 'q': '0.35025000', 'f': 3249637341, 'l': 3249637342, 'T': 1697967805248, 'm': False, 'M': True}
2023-10-22 15:13:25,170 - INFO - {'e': 'aggTrade', 'E': 1697967805249, 's': 'BTCUSDT', 'a': 2732883126, 'p': '29924.65000000', 'q': '0.35025000', 'f': 3249637341, 'l': 3249637342, 'T': 1697967805248, 'm': False, 'M': True}
2023-10-22 15:13:27,220 - INFO - {'e': 'aggTrade', 'E': 1697967806287, 's': 'BTCUSDT', 'a': 2732883128, 'p': '29924.64000000', 'q': '0.02000000', 'f': 3249637344, 'l': 3249637344, 'T': 1697967806286, 'm': True, 'M': True}
2023-10-22 15:13:27,220 - INFO - {'e': 'aggTrade', 'E': 1697967806287, 's': 'BTCUSDT', 'a': 2732883128, 'p': '29924.64000000', 'q': '0.02000000', 'f': 3249637344, 'l': 3249637344, 'T': 1697967806286, 'm': True, 'M': True}
2023-10-22 15:13:29,258 - INFO - {'e': 'aggTrade', 'E': 1697967808497, 's': 'BTCUSDT', 'a': 2732883131, 'p': '29924.64000000', 'q': '0.02000000', 'f': 3249637347, 'l': 3249637347, 'T': 1697967808497, 'm': True, 'M': True}
2023-10-22 15:13:29,259 - INFO - {'e': 'aggTrade', 'E': 1697967808497, 's': 'BTCUSDT', 'a': 2732883131, 'p': '29924.64000000', 'q': '0.02000000', 'f': 3249637347, 'l': 3249637347, 'T': 1697967808497, 'm': True, 'M': True}
2023-10-22 15:13:31,285 - INFO - {'e': 'aggTrade', 'E': 1697967811428, 's': 'BTCUSDT', 'a': 2732883177, 'p': '29926.76000000', 'q': '0.00147000', 'f': 3249637406, 'l': 3249637406, 'T': 1697967811427, 'm': True, 'M': True}
2023-10-22 15:13:31,285 - INFO - {'e': 'aggTrade', 'E': 1697967811428, 's': 'BTCUSDT', 'a': 2732883177, 'p': '29926.76000000', 'q': '0.00147000', 'f': 3249637406, 'l': 3249637406, 'T': 1697967811427, 'm': True, 'M': True}
2023-10-22 15:13:33,333 - INFO - {'e': 'aggTrade', 'E': 1697967812847, 's': 'BTCUSDT', 'a': 2732883179, 'p': '29926.76000000', 'q': '0.02000000', 'f': 3249637408, 'l': 3249637408, 'T': 1697967812846, 'm': True, 'M': True}
2023-10-22 15:13:33,333 - INFO - {'e': 'aggTrade', 'E': 1697967812847, 's': 'BTCUSDT', 'a': 2732883179, 'p': '29926.76000000', 'q': '0.02000000', 'f': 3249637408, 'l': 3249637408, 'T': 1697967812846, 'm': True, 'M': True}
2023-10-22 15:13:35,386 - INFO - {'e': 'aggTrade', 'E': 1697967815685, 's': 'BTCUSDT', 'a': 2732883183, 'p': '29926.77000000', 'q': '0.01605000', 'f': 3249637412, 'l': 3249637413, 'T': 1697967815684, 'm': False, 'M': True}
2023-10-22 15:13:35,388 - INFO - {'e': 'aggTrade', 'E': 1697967815685, 's': 'BTCUSDT', 'a': 2732883183, 'p': '29926.77000000', 'q': '0.01605000', 'f': 3249637412, 'l': 3249637413, 'T': 1697967815684, 'm': False, 'M': True}
2023-10-22 15:13:37,435 - INFO - {'e': 'aggTrade', 'E': 1697967817656, 's': 'BTCUSDT', 'a': 2732883200, 'p': '29926.77000000', 'q': '0.00207000', 'f': 3249637435, 'l': 3249637435, 'T': 1697967817655, 'm': False, 'M': True}
2023-10-22 15:13:37,437 - INFO - {'e': 'aggTrade', 'E': 1697967817656, 's': 'BTCUSDT', 'a': 2732883200, 'p': '29926.77000000', 'q': '0.00207000', 'f': 3249637435, 'l': 3249637435, 'T': 1697967817655, 'm': False, 'M': True}
2023-10-22 15:13:39,495 - INFO - {'e': 'aggTrade', 'E': 1697967819490, 's': 'BTCUSDT', 'a': 2732883203, 'p': '29926.76000000', 'q': '0.02000000', 'f': 3249637438, 'l': 3249637440, 'T': 1697967819489, 'm': True, 'M': True}
2023-10-22 15:13:39,497 - INFO - {'e': 'aggTrade', 'E': 1697967819490, 's': 'BTCUSDT', 'a': 2732883203, 'p': '29926.76000000', 'q': '0.02000000', 'f': 3249637438, 'l': 3249637440, 'T': 1697967819489, 'm': True, 'M': True}
2023-10-22 15:13:41,521 - INFO - {'e': 'aggTrade', 'E': 1697967821662, 's': 'BTCUSDT', 'a': 2732883207, 'p': '29926.76000000', 'q': '0.02000000', 'f': 3249637444, 'l': 3249637444, 'T': 1697967821661, 'm': True, 'M': True}
2023-10-22 15:13:41,522 - INFO - {'e': 'aggTrade', 'E': 1697967821662, 's': 'BTCUSDT', 'a': 2732883207, 'p': '29926.76000000', 'q': '0.02000000', 'f': 3249637444, 'l': 3249637444, 'T': 1697967821661, 'm': True, 'M': True}
2023-10-22 15:13:43,581 - INFO - {'e': 'aggTrade', 'E': 1697967822577, 's': 'BTCUSDT', 'a': 2732883209, 'p': '29926.77000000', 'q': '0.05539000', 'f': 3249637446, 'l': 3249637446, 'T': 1697967822576, 'm': False, 'M': True}
2023-10-22 15:13:43,582 - INFO - {'e': 'aggTrade', 'E': 1697967822577, 's': 'BTCUSDT', 'a': 2732883209, 'p': '29926.77000000', 'q': '0.05539000', 'f': 3249637446, 'l': 3249637446, 'T': 1697967822576, 'm': False, 'M': True}
2023-10-22 15:13:45,614 - INFO - {'e': 'aggTrade', 'E': 1697967822577, 's': 'BTCUSDT', 'a': 2732883209, 'p': '29926.77000000', 'q': '0.05539000', 'f': 3249637446, 'l': 3249637446, 'T': 1697967822576, 'm': False, 'M': True}
2023-10-22 15:13:45,614 - INFO - {'e': 'aggTrade', 'E': 1697967822577, 's': 'BTCUSDT', 'a': 2732883209, 'p': '29926.77000000', 'q': '0.05539000', 'f': 3249637446, 'l': 3249637446, 'T': 1697967822576, 'm': False, 'M': True}
2023-10-22 18:40:32,222 - INFO - {'e': 'aggTrade', 'E': 1697980232453, 's': 'BTCUSDT', 'a': 2732986763, 'p': '29923.22000000', 'q': '0.00090000', 'f': 3249759317, 'l': 3249759317, 'T': 1697980232452, 'm': True, 'M': True}
2023-10-22 18:40:32,222 - INFO - {'e': 'aggTrade', 'E': 1697980232453, 's': 'BTCUSDT', 'a': 2732986763, 'p': '29923.22000000', 'q': '0.00090000', 'f': 3249759317, 'l': 3249759317, 'T': 1697980232452, 'm': True, 'M': True}
2023-10-22 18:40:34,246 - INFO - {'e': 'aggTrade', 'E': 1697980234625, 's': 'BTCUSDT', 'a': 2732986782, 'p': '29922.92000000', 'q': '0.00033000', 'f': 3249759386, 'l': 3249759386, 'T': 1697980234623, 'm': True, 'M': True}
2023-10-22 18:40:34,246 - INFO - {'e': 'aggTrade', 'E': 1697980234625, 's': 'BTCUSDT', 'a': 2732986782, 'p': '29922.92000000', 'q': '0.00033000', 'f': 3249759386, 'l': 3249759386, 'T': 1697980234623, 'm': True, 'M': True}
2023-10-22 18:40:36,268 - INFO - {'e': 'aggTrade', 'E': 1697980236679, 's': 'BTCUSDT', 'a': 2732986891, 'p': '29919.31000000', 'q': '0.02641000', 'f': 3249759508, 'l': 3249759508, 'T': 1697980236678, 'm': False, 'M': True}
2023-10-22 18:40:36,278 - INFO - {'e': 'aggTrade', 'E': 1697980236679, 's': 'BTCUSDT', 'a': 2732986891, 'p': '29919.31000000', 'q': '0.02641000', 'f': 3249759508, 'l': 3249759508, 'T': 1697980236678, 'm': False, 'M': True}
2023-10-22 18:40:38,312 - INFO - {'e': 'aggTrade', 'E': 1697980238140, 's': 'BTCUSDT', 'a': 2732986911, 'p': '29918.58000000', 'q': '0.00026000', 'f': 3249759529, 'l': 3249759529, 'T': 1697980238139, 'm': True, 'M': True}
2023-10-22 18:40:38,312 - INFO - {'e': 'aggTrade', 'E': 1697980238140, 's': 'BTCUSDT', 'a': 2732986911, 'p': '29918.58000000', 'q': '0.00026000', 'f': 3249759529, 'l': 3249759529, 'T': 1697980238139, 'm': True, 'M': True}
2023-10-22 18:40:40,365 - INFO - {'e': 'aggTrade', 'E': 1697980240754, 's': 'BTCUSDT', 'a': 2732986916, 'p': '29918.58000000', 'q': '0.00397000', 'f': 3249759534, 'l': 3249759534, 'T': 1697980240753, 'm': True, 'M': True}
2023-10-22 18:40:40,365 - INFO - {'e': 'aggTrade', 'E': 1697980240754, 's': 'BTCUSDT', 'a': 2732986916, 'p': '29918.58000000', 'q': '0.00397000', 'f': 3249759534, 'l': 3249759534, 'T': 1697980240753, 'm': True, 'M': True}
2023-10-22 18:40:42,421 - INFO - {'e': 'aggTrade', 'E': 1697980242139, 's': 'BTCUSDT', 'a': 2732986918, 'p': '29918.59000000', 'q': '0.00066000', 'f': 3249759536, 'l': 3249759536, 'T': 1697980242139, 'm': False, 'M': True}
2023-10-22 18:40:42,421 - INFO - {'e': 'aggTrade', 'E': 1697980242139, 's': 'BTCUSDT', 'a': 2732986918, 'p': '29918.59000000', 'q': '0.00066000', 'f': 3249759536, 'l': 3249759536, 'T': 1697980242139, 'm': False, 'M': True}
2023-10-22 18:40:44,456 - INFO - {'e': 'aggTrade', 'E': 1697980244716, 's': 'BTCUSDT', 'a': 2732986923, 'p': '29918.59000000', 'q': '0.00031000', 'f': 3249759544, 'l': 3249759544, 'T': 1697980244716, 'm': False, 'M': True}
2023-10-22 18:40:44,456 - INFO - {'e': 'aggTrade', 'E': 1697980244716, 's': 'BTCUSDT', 'a': 2732986923, 'p': '29918.59000000', 'q': '0.00031000', 'f': 3249759544, 'l': 3249759544, 'T': 1697980244716, 'm': False, 'M': True}
2023-10-22 18:40:46,499 - INFO - {'e': 'aggTrade', 'E': 1697980246905, 's': 'BTCUSDT', 'a': 2732986929, 'p': '29918.58000000', 'q': '0.00416000', 'f': 3249759550, 'l': 3249759550, 'T': 1697980246904, 'm': True, 'M': True}
2023-10-22 18:40:46,499 - INFO - {'e': 'aggTrade', 'E': 1697980246905, 's': 'BTCUSDT', 'a': 2732986929, 'p': '29918.58000000', 'q': '0.00416000', 'f': 3249759550, 'l': 3249759550, 'T': 1697980246904, 'm': True, 'M': True}
2023-10-22 18:40:48,523 - INFO - {'e': 'aggTrade', 'E': 1697980248706, 's': 'BTCUSDT', 'a': 2732986933, 'p': '29918.58000000', 'q': '0.00132000', 'f': 3249759554, 'l': 3249759554, 'T': 1697980248705, 'm': True, 'M': True}
2023-10-22 18:40:48,531 - INFO - {'e': 'aggTrade', 'E': 1697980248706, 's': 'BTCUSDT', 'a': 2732986933, 'p': '29918.58000000', 'q': '0.00132000', 'f': 3249759554, 'l': 3249759554, 'T': 1697980248705, 'm': True, 'M': True}
2023-10-22 18:40:50,547 - INFO - {'e': 'aggTrade', 'E': 1697980250717, 's': 'BTCUSDT', 'a': 2732986935, 'p': '29918.58000000', 'q': '0.00024000', 'f': 3249759556, 'l': 3249759556, 'T': 1697980250716, 'm': True, 'M': True}
2023-10-22 18:40:50,547 - INFO - {'e': 'aggTrade', 'E': 1697980250717, 's': 'BTCUSDT', 'a': 2732986935, 'p': '29918.58000000', 'q': '0.00024000', 'f': 3249759556, 'l': 3249759556, 'T': 1697980250716, 'm': True, 'M': True}
2023-10-22 18:40:52,571 - INFO - {'e': 'aggTrade', 'E': 1697980252262, 's': 'BTCUSDT', 'a': 2732986942, 'p': '29918.59000000', 'q': '0.32226000', 'f': 3249759563, 'l': 3249759563, 'T': 1697980252261, 'm': False, 'M': True}
2023-10-22 18:40:52,571 - INFO - {'e': 'aggTrade', 'E': 1697980252262, 's': 'BTCUSDT', 'a': 2732986942, 'p': '29918.59000000', 'q': '0.32226000', 'f': 3249759563, 'l': 3249759563, 'T': 1697980252261, 'm': False, 'M': True}
2023-10-22 18:40:54,595 - INFO - {'e': 'aggTrade', 'E': 1697980254740, 's': 'BTCUSDT', 'a': 2732986946, 'p': '29918.58000000', 'q': '0.00074000', 'f': 3249759567, 'l': 3249759567, 'T': 1697980254739, 'm': True, 'M': True}
2023-10-22 18:40:54,595 - INFO - {'e': 'aggTrade', 'E': 1697980254740, 's': 'BTCUSDT', 'a': 2732986946, 'p': '29918.58000000', 'q': '0.00074000', 'f': 3249759567, 'l': 3249759567, 'T': 1697980254739, 'm': True, 'M': True}
2023-10-22 18:40:56,619 - INFO - {'e': 'aggTrade', 'E': 1697980256931, 's': 'BTCUSDT', 'a': 2732986947, 'p': '29918.58000000', 'q': '0.01124000', 'f': 3249759568, 'l': 3249759568, 'T': 1697980256931, 'm': True, 'M': True}
2023-10-22 18:40:56,619 - INFO - {'e': 'aggTrade', 'E': 1697980256931, 's': 'BTCUSDT', 'a': 2732986947, 'p': '29918.58000000', 'q': '0.01124000', 'f': 3249759568, 'l': 3249759568, 'T': 1697980256931, 'm': True, 'M': True}
2023-10-22 18:40:58,642 - INFO - {'e': 'aggTrade', 'E': 1697980258678, 's': 'BTCUSDT', 'a': 2732986961, 'p': '29918.59000000', 'q': '0.00102000', 'f': 3249759582, 'l': 3249759582, 'T': 1697980258678, 'm': False, 'M': True}
2023-10-22 18:40:58,642 - INFO - {'e': 'aggTrade', 'E': 1697980258678, 's': 'BTCUSDT', 'a': 2732986961, 'p': '29918.59000000', 'q': '0.00102000', 'f': 3249759582, 'l': 3249759582, 'T': 1697980258678, 'm': False, 'M': True}
2023-10-22 18:41:00,667 - INFO - {'e': 'aggTrade', 'E': 1697980260755, 's': 'BTCUSDT', 'a': 2732987050, 'p': '29918.58000000', 'q': '0.00072000', 'f': 3249759672, 'l': 3249759672, 'T': 1697980260754, 'm': True, 'M': True}
2023-10-22 18:41:00,667 - INFO - {'e': 'aggTrade', 'E': 1697980260755, 's': 'BTCUSDT', 'a': 2732987050, 'p': '29918.58000000', 'q': '0.00072000', 'f': 3249759672, 'l': 3249759672, 'T': 1697980260754, 'm': True, 'M': True}
2023-10-22 18:41:02,690 - INFO - {'e': 'aggTrade', 'E': 1697980263019, 's': 'BTCUSDT', 'a': 2732987055, 'p': '29918.58000000', 'q': '0.01040000', 'f': 3249759681, 'l': 3249759681, 'T': 1697980263018, 'm': True, 'M': True}
2023-10-22 18:41:02,690 - INFO - {'e': 'aggTrade', 'E': 1697980263019, 's': 'BTCUSDT', 'a': 2732987055, 'p': '29918.58000000', 'q': '0.01040000', 'f': 3249759681, 'l': 3249759681, 'T': 1697980263018, 'm': True, 'M': True}
