2023-10-28 13:20:50,390 - INFO - {'e': 'aggTrade', 'E': 1698479449907, 's': 'BTCUSDT', 'a': 2740901125, 'p': '34066.67000000', 'q': '0.00066000', 'f': 3260167588, 'l': 3260167588, 'T': 1698479449906, 'm': True, 'M': True}
2023-10-28 13:20:50,399 - INFO - {'e': 'aggTrade', 'E': 1698479449907, 's': 'BTCUSDT', 'a': 2740901125, 'p': '34066.67000000', 'q': '0.00066000', 'f': 3260167588, 'l': 3260167588, 'T': 1698479449906, 'm': True, 'M': True}
2023-10-28 13:20:52,438 - INFO - {'e': 'aggTrade', 'E': 1698479453058, 's': 'BTCUSDT', 'a': 2740901130, 'p': '34066.67000000', 'q': '0.00707000', 'f': 3260167598, 'l': 3260167598, 'T': 1698479453057, 'm': True, 'M': True}
2023-10-28 13:20:52,452 - INFO - {'e': 'aggTrade', 'E': 1698479453058, 's': 'BTCUSDT', 'a': 2740901130, 'p': '34066.67000000', 'q': '0.00707000', 'f': 3260167598, 'l': 3260167598, 'T': 1698479453057, 'm': True, 'M': True}
2023-10-28 13:20:54,514 - INFO - {'e': 'aggTrade', 'E': 1698479455002, 's': 'BTCUSDT', 'a': 2740901140, 'p': '34066.67000000', 'q': '0.00089000', 'f': 3260167617, 'l': 3260167617, 'T': 1698479455001, 'm': True, 'M': True}
2023-10-28 13:20:54,514 - INFO - {'e': 'aggTrade', 'E': 1698479455002, 's': 'BTCUSDT', 'a': 2740901140, 'p': '34066.67000000', 'q': '0.00089000', 'f': 3260167617, 'l': 3260167617, 'T': 1698479455001, 'm': True, 'M': True}
2023-10-28 13:20:56,591 - INFO - {'e': 'aggTrade', 'E': 1698479457362, 's': 'BTCUSDT', 'a': 2740901150, 'p': '34066.67000000', 'q': '0.00019000', 'f': 3260167633, 'l': 3260167633, 'T': 1698479457361, 'm': True, 'M': True}
2023-10-28 13:20:56,602 - INFO - {'e': 'aggTrade', 'E': 1698479457362, 's': 'BTCUSDT', 'a': 2740901150, 'p': '34066.67000000', 'q': '0.00019000', 'f': 3260167633, 'l': 3260167633, 'T': 1698479457361, 'm': True, 'M': True}
2023-10-28 13:20:58,669 - INFO - {'e': 'aggTrade', 'E': 1698479458375, 's': 'BTCUSDT', 'a': 2740901154, 'p': '34066.67000000', 'q': '0.00059000', 'f': 3260167637, 'l': 3260167637, 'T': 1698479458374, 'm': True, 'M': True}
2023-10-28 13:20:58,669 - INFO - {'e': 'aggTrade', 'E': 1698479458375, 's': 'BTCUSDT', 'a': 2740901154, 'p': '34066.67000000', 'q': '0.00059000', 'f': 3260167637, 'l': 3260167637, 'T': 1698479458374, 'm': True, 'M': True}
2023-10-28 13:21:00,731 - INFO - {'e': 'aggTrade', 'E': 1698479461375, 's': 'BTCUSDT', 'a': 2740901217, 'p': '34066.55000000', 'q': '0.00089000', 'f': 3260167720, 'l': 3260167720, 'T': 1698479461375, 'm': True, 'M': True}
2023-10-28 13:21:00,731 - INFO - {'e': 'aggTrade', 'E': 1698479461375, 's': 'BTCUSDT', 'a': 2740901217, 'p': '34066.55000000', 'q': '0.00089000', 'f': 3260167720, 'l': 3260167720, 'T': 1698479461375, 'm': True, 'M': True}
2023-10-28 13:21:02,771 - INFO - {'e': 'aggTrade', 'E': 1698479461765, 's': 'BTCUSDT', 'a': 2740901218, 'p': '34066.55000000', 'q': '0.00029000', 'f': 3260167721, 'l': 3260167721, 'T': 1698479461765, 'm': True, 'M': True}
2023-10-28 13:21:02,771 - INFO - {'e': 'aggTrade', 'E': 1698479461765, 's': 'BTCUSDT', 'a': 2740901218, 'p': '34066.55000000', 'q': '0.00029000', 'f': 3260167721, 'l': 3260167721, 'T': 1698479461765, 'm': True, 'M': True}
2023-10-28 13:21:04,870 - INFO - {'e': 'aggTrade', 'E': 1698479464637, 's': 'BTCUSDT', 'a': 2740901219, 'p': '34066.56000000', 'q': '0.00248000', 'f': 3260167722, 'l': 3260167722, 'T': 1698479464637, 'm': False, 'M': True}
2023-10-28 13:21:04,870 - INFO - {'e': 'aggTrade', 'E': 1698479464637, 's': 'BTCUSDT', 'a': 2740901219, 'p': '34066.56000000', 'q': '0.00248000', 'f': 3260167722, 'l': 3260167722, 'T': 1698479464637, 'm': False, 'M': True}
2023-10-28 13:21:06,947 - INFO - {'e': 'aggTrade', 'E': 1698479467623, 's': 'BTCUSDT', 'a': 2740901225, 'p': '34066.55000000', 'q': '0.00294000', 'f': 3260167729, 'l': 3260167729, 'T': 1698479467622, 'm': True, 'M': True}
2023-10-28 13:21:06,947 - INFO - {'e': 'aggTrade', 'E': 1698479467623, 's': 'BTCUSDT', 'a': 2740901225, 'p': '34066.55000000', 'q': '0.00294000', 'f': 3260167729, 'l': 3260167729, 'T': 1698479467622, 'm': True, 'M': True}
2023-10-28 13:21:09,016 - INFO - {'e': 'aggTrade', 'E': 1698479468578, 's': 'BTCUSDT', 'a': 2740901226, 'p': '34066.55000000', 'q': '0.00289000', 'f': 3260167730, 'l': 3260167730, 'T': 1698479468577, 'm': True, 'M': True}
2023-10-28 13:21:09,016 - INFO - {'e': 'aggTrade', 'E': 1698479468578, 's': 'BTCUSDT', 'a': 2740901226, 'p': '34066.55000000', 'q': '0.00289000', 'f': 3260167730, 'l': 3260167730, 'T': 1698479468577, 'm': True, 'M': True}
2023-10-28 13:21:11,080 - INFO - {'e': 'aggTrade', 'E': 1698479468578, 's': 'BTCUSDT', 'a': 2740901226, 'p': '34066.55000000', 'q': '0.00289000', 'f': 3260167730, 'l': 3260167730, 'T': 1698479468577, 'm': True, 'M': True}
2023-10-28 13:21:11,080 - INFO - {'e': 'aggTrade', 'E': 1698479468578, 's': 'BTCUSDT', 'a': 2740901226, 'p': '34066.55000000', 'q': '0.00289000', 'f': 3260167730, 'l': 3260167730, 'T': 1698479468577, 'm': True, 'M': True}
2023-10-28 13:21:13,132 - INFO - {'e': 'aggTrade', 'E': 1698479473916, 's': 'BTCUSDT', 'a': 2740901232, 'p': '34066.56000000', 'q': '0.00425000', 'f': 3260167736, 'l': 3260167736, 'T': 1698479473915, 'm': False, 'M': True}
2023-10-28 13:21:13,132 - INFO - {'e': 'aggTrade', 'E': 1698479473916, 's': 'BTCUSDT', 'a': 2740901232, 'p': '34066.56000000', 'q': '0.00425000', 'f': 3260167736, 'l': 3260167736, 'T': 1698479473915, 'm': False, 'M': True}
2023-10-28 13:21:15,185 - INFO - {'e': 'aggTrade', 'E': 1698479475815, 's': 'BTCUSDT', 'a': 2740901234, 'p': '34066.56000000', 'q': '0.05217000', 'f': 3260167738, 'l': 3260167738, 'T': 1698479475815, 'm': False, 'M': True}
2023-10-28 13:21:15,187 - INFO - {'e': 'aggTrade', 'E': 1698479475815, 's': 'BTCUSDT', 'a': 2740901234, 'p': '34066.56000000', 'q': '0.05217000', 'f': 3260167738, 'l': 3260167738, 'T': 1698479475815, 'm': False, 'M': True}
2023-10-28 13:21:17,226 - INFO - {'e': 'aggTrade', 'E': 1698479477557, 's': 'BTCUSDT', 'a': 2740901236, 'p': '34066.56000000', 'q': '0.02713000', 'f': 3260167740, 'l': 3260167740, 'T': 1698479477557, 'm': False, 'M': True}
2023-10-28 13:21:17,226 - INFO - {'e': 'aggTrade', 'E': 1698479477557, 's': 'BTCUSDT', 'a': 2740901236, 'p': '34066.56000000', 'q': '0.02713000', 'f': 3260167740, 'l': 3260167740, 'T': 1698479477557, 'm': False, 'M': True}
2023-10-28 13:21:19,274 - INFO - {'e': 'aggTrade', 'E': 1698479478744, 's': 'BTCUSDT', 'a': 2740901243, 'p': '34066.39000000', 'q': '0.03837000', 'f': 3260167751, 'l': 3260167751, 'T': 1698479478744, 'm': False, 'M': True}
2023-10-28 13:21:19,274 - INFO - {'e': 'aggTrade', 'E': 1698479478744, 's': 'BTCUSDT', 'a': 2740901243, 'p': '34066.39000000', 'q': '0.03837000', 'f': 3260167751, 'l': 3260167751, 'T': 1698479478744, 'm': False, 'M': True}
2023-10-28 13:21:21,350 - INFO - {'e': 'aggTrade', 'E': 1698479481960, 's': 'BTCUSDT', 'a': 2740901245, 'p': '34066.39000000', 'q': '0.00100000', 'f': 3260167753, 'l': 3260167753, 'T': 1698479481959, 'm': False, 'M': True}
2023-10-28 13:21:21,352 - INFO - {'e': 'aggTrade', 'E': 1698479481960, 's': 'BTCUSDT', 'a': 2740901245, 'p': '34066.39000000', 'q': '0.00100000', 'f': 3260167753, 'l': 3260167753, 'T': 1698479481959, 'm': False, 'M': True}
2023-10-28 13:21:23,403 - INFO - {'e': 'aggTrade', 'E': 1698479483128, 's': 'BTCUSDT', 'a': 2740901249, 'p': '34066.39000000', 'q': '0.00100000', 'f': 3260167757, 'l': 3260167757, 'T': 1698479483128, 'm': False, 'M': True}
2023-10-28 13:21:23,403 - INFO - {'e': 'aggTrade', 'E': 1698479483128, 's': 'BTCUSDT', 'a': 2740901249, 'p': '34066.39000000', 'q': '0.00100000', 'f': 3260167757, 'l': 3260167757, 'T': 1698479483128, 'm': False, 'M': True}
2023-10-28 13:21:25,433 - INFO - {'e': 'aggTrade', 'E': 1698479485879, 's': 'BTCUSDT', 'a': 2740901251, 'p': '34066.39000000', 'q': '0.00048000', 'f': 3260167759, 'l': 3260167759, 'T': 1698479485879, 'm': False, 'M': True}
2023-10-28 13:21:25,433 - INFO - {'e': 'aggTrade', 'E': 1698479485879, 's': 'BTCUSDT', 'a': 2740901251, 'p': '34066.39000000', 'q': '0.00048000', 'f': 3260167759, 'l': 3260167759, 'T': 1698479485879, 'm': False, 'M': True}
2023-10-28 13:21:27,503 - INFO - {'e': 'aggTrade', 'E': 1698479487784, 's': 'BTCUSDT', 'a': 2740901253, 'p': '34066.39000000', 'q': '0.01204000', 'f': 3260167761, 'l': 3260167761, 'T': 1698479487783, 'm': False, 'M': True}
2023-10-28 13:21:27,503 - INFO - {'e': 'aggTrade', 'E': 1698479487784, 's': 'BTCUSDT', 'a': 2740901253, 'p': '34066.39000000', 'q': '0.01204000', 'f': 3260167761, 'l': 3260167761, 'T': 1698479487783, 'm': False, 'M': True}
2023-10-28 13:21:29,597 - INFO - {'e': 'aggTrade', 'E': 1698479490000, 's': 'BTCUSDT', 'a': 2740901256, 'p': '34066.38000000', 'q': '0.00733000', 'f': 3260167767, 'l': 3260167767, 'T': 1698479489999, 'm': True, 'M': True}
2023-10-28 13:21:29,597 - INFO - {'e': 'aggTrade', 'E': 1698479490000, 's': 'BTCUSDT', 'a': 2740901256, 'p': '34066.38000000', 'q': '0.00733000', 'f': 3260167767, 'l': 3260167767, 'T': 1698479489999, 'm': True, 'M': True}
2023-10-28 13:21:31,662 - INFO - {'e': 'aggTrade', 'E': 1698479492465, 's': 'BTCUSDT', 'a': 2740901259, 'p': '34066.38000000', 'q': '0.00250000', 'f': 3260167770, 'l': 3260167770, 'T': 1698479492465, 'm': True, 'M': True}
2023-10-28 13:21:31,662 - INFO - {'e': 'aggTrade', 'E': 1698479492465, 's': 'BTCUSDT', 'a': 2740901259, 'p': '34066.38000000', 'q': '0.00250000', 'f': 3260167770, 'l': 3260167770, 'T': 1698479492465, 'm': True, 'M': True}
2023-10-28 13:21:33,719 - INFO - {'e': 'aggTrade', 'E': 1698479494085, 's': 'BTCUSDT', 'a': 2740901262, 'p': '34066.38000000', 'q': '0.02935000', 'f': 3260167773, 'l': 3260167773, 'T': 1698479494084, 'm': True, 'M': True}
2023-10-28 13:21:33,725 - INFO - {'e': 'aggTrade', 'E': 1698479494085, 's': 'BTCUSDT', 'a': 2740901262, 'p': '34066.38000000', 'q': '0.02935000', 'f': 3260167773, 'l': 3260167773, 'T': 1698479494084, 'm': True, 'M': True}
2023-10-28 13:21:35,778 - INFO - {'e': 'aggTrade', 'E': 1698479495877, 's': 'BTCUSDT', 'a': 2740901268, 'p': '34066.39000000', 'q': '0.00060000', 'f': 3260167779, 'l': 3260167779, 'T': 1698479495877, 'm': False, 'M': True}
2023-10-28 13:21:35,778 - INFO - {'e': 'aggTrade', 'E': 1698479495877, 's': 'BTCUSDT', 'a': 2740901268, 'p': '34066.39000000', 'q': '0.00060000', 'f': 3260167779, 'l': 3260167779, 'T': 1698479495877, 'm': False, 'M': True}
2023-10-28 13:21:37,842 - INFO - {'e': 'aggTrade', 'E': 1698479498548, 's': 'BTCUSDT', 'a': 2740901269, 'p': '34066.38000000', 'q': '0.00021000', 'f': 3260167780, 'l': 3260167780, 'T': 1698479498547, 'm': True, 'M': True}
2023-10-28 13:21:37,842 - INFO - {'e': 'aggTrade', 'E': 1698479498548, 's': 'BTCUSDT', 'a': 2740901269, 'p': '34066.38000000', 'q': '0.00021000', 'f': 3260167780, 'l': 3260167780, 'T': 1698479498547, 'm': True, 'M': True}
2023-10-28 13:21:41,465 - ERROR - Exception Occured Expecting value: line 1 column 1 (char 0)
2023-10-28 13:21:41,467 - ERROR - No data available
2023-10-28 13:21:43,519 - INFO - {'e': 'aggTrade', 'E': 1698479503937, 's': 'BTCUSDT', 'a': 2740901278, 'p': '34066.39000000', 'q': '0.00292000', 'f': 3260167789, 'l': 3260167789, 'T': 1698479503937, 'm': False, 'M': True}
2023-10-28 13:21:43,519 - INFO - {'e': 'aggTrade', 'E': 1698479503937, 's': 'BTCUSDT', 'a': 2740901278, 'p': '34066.39000000', 'q': '0.00292000', 'f': 3260167789, 'l': 3260167789, 'T': 1698479503937, 'm': False, 'M': True}
2023-10-28 13:21:45,585 - INFO - {'e': 'aggTrade', 'E': 1698479505722, 's': 'BTCUSDT', 'a': 2740901283, 'p': '34066.38000000', 'q': '0.00082000', 'f': 3260167794, 'l': 3260167794, 'T': 1698479505722, 'm': True, 'M': True}
2023-10-28 13:21:45,590 - INFO - {'e': 'aggTrade', 'E': 1698479505722, 's': 'BTCUSDT', 'a': 2740901283, 'p': '34066.38000000', 'q': '0.00082000', 'f': 3260167794, 'l': 3260167794, 'T': 1698479505722, 'm': True, 'M': True}
2023-10-28 13:21:47,667 - INFO - {'e': 'aggTrade', 'E': 1698479508052, 's': 'BTCUSDT', 'a': 2740901286, 'p': '34066.38000000', 'q': '0.01468000', 'f': 3260167797, 'l': 3260167797, 'T': 1698479508051, 'm': True, 'M': True}
2023-10-28 13:21:47,667 - INFO - {'e': 'aggTrade', 'E': 1698479508052, 's': 'BTCUSDT', 'a': 2740901286, 'p': '34066.38000000', 'q': '0.01468000', 'f': 3260167797, 'l': 3260167797, 'T': 1698479508051, 'm': True, 'M': True}
2023-10-28 13:21:49,716 - INFO - {'e': 'aggTrade', 'E': 1698479510380, 's': 'BTCUSDT', 'a': 2740901299, 'p': '34066.37000000', 'q': '0.00676000', 'f': 3260167833, 'l': 3260167833, 'T': 1698479510379, 'm': True, 'M': True}
2023-10-28 13:21:49,721 - INFO - {'e': 'aggTrade', 'E': 1698479510380, 's': 'BTCUSDT', 'a': 2740901299, 'p': '34066.37000000', 'q': '0.00676000', 'f': 3260167833, 'l': 3260167833, 'T': 1698479510379, 'm': True, 'M': True}
2023-10-28 13:21:51,775 - INFO - {'e': 'aggTrade', 'E': 1698479511351, 's': 'BTCUSDT', 'a': 2740901300, 'p': '34066.38000000', 'q': '0.00200000', 'f': 3260167834, 'l': 3260167834, 'T': 1698479511350, 'm': False, 'M': True}
2023-10-28 13:21:51,775 - INFO - {'e': 'aggTrade', 'E': 1698479511351, 's': 'BTCUSDT', 'a': 2740901300, 'p': '34066.38000000', 'q': '0.00200000', 'f': 3260167834, 'l': 3260167834, 'T': 1698479511350, 'm': False, 'M': True}
2023-10-28 13:21:53,840 - INFO - {'e': 'aggTrade', 'E': 1698479514607, 's': 'BTCUSDT', 'a': 2740901303, 'p': '34066.38000000', 'q': '0.00077000', 'f': 3260167837, 'l': 3260167837, 'T': 1698479514607, 'm': False, 'M': True}
2023-10-28 13:21:53,840 - INFO - {'e': 'aggTrade', 'E': 1698479514607, 's': 'BTCUSDT', 'a': 2740901303, 'p': '34066.38000000', 'q': '0.00077000', 'f': 3260167837, 'l': 3260167837, 'T': 1698479514607, 'm': False, 'M': True}
2023-10-28 13:21:55,927 - INFO - {'e': 'aggTrade', 'E': 1698479515457, 's': 'BTCUSDT', 'a': 2740901304, 'p': '34066.38000000', 'q': '0.00017000', 'f': 3260167838, 'l': 3260167838, 'T': 1698479515457, 'm': False, 'M': True}
2023-10-28 13:21:55,927 - INFO - {'e': 'aggTrade', 'E': 1698479515457, 's': 'BTCUSDT', 'a': 2740901304, 'p': '34066.38000000', 'q': '0.00017000', 'f': 3260167838, 'l': 3260167838, 'T': 1698479515457, 'm': False, 'M': True}
2023-10-28 13:21:57,983 - INFO - {'e': 'aggTrade', 'E': 1698479518078, 's': 'BTCUSDT', 'a': 2740901309, 'p': '34066.38000000', 'q': '0.00077000', 'f': 3260167843, 'l': 3260167843, 'T': 1698479518077, 'm': False, 'M': True}
2023-10-28 13:21:57,983 - INFO - {'e': 'aggTrade', 'E': 1698479518078, 's': 'BTCUSDT', 'a': 2740901309, 'p': '34066.38000000', 'q': '0.00077000', 'f': 3260167843, 'l': 3260167843, 'T': 1698479518077, 'm': False, 'M': True}
2023-10-28 13:22:00,082 - INFO - {'e': 'aggTrade', 'E': 1698479520289, 's': 'BTCUSDT', 'a': 2740901351, 'p': '34066.37000000', 'q': '0.00033000', 'f': 3260167890, 'l': 3260167890, 'T': 1698479520288, 'm': True, 'M': True}
2023-10-28 13:22:00,082 - INFO - {'e': 'aggTrade', 'E': 1698479520289, 's': 'BTCUSDT', 'a': 2740901351, 'p': '34066.37000000', 'q': '0.00033000', 'f': 3260167890, 'l': 3260167890, 'T': 1698479520288, 'm': True, 'M': True}
2023-10-28 13:22:02,160 - INFO - {'e': 'aggTrade', 'E': 1698479522252, 's': 'BTCUSDT', 'a': 2740901354, 'p': '34066.38000000', 'q': '0.00029000', 'f': 3260167893, 'l': 3260167893, 'T': 1698479522251, 'm': False, 'M': True}
2023-10-28 13:22:02,163 - INFO - {'e': 'aggTrade', 'E': 1698479522252, 's': 'BTCUSDT', 'a': 2740901354, 'p': '34066.38000000', 'q': '0.00029000', 'f': 3260167893, 'l': 3260167893, 'T': 1698479522251, 'm': False, 'M': True}
2023-10-28 13:22:04,212 - INFO - {'e': 'aggTrade', 'E': 1698479524852, 's': 'BTCUSDT', 'a': 2740901355, 'p': '34066.37000000', 'q': '0.00370000', 'f': 3260167894, 'l': 3260167894, 'T': 1698479524851, 'm': True, 'M': True}
2023-10-28 13:22:04,212 - INFO - {'e': 'aggTrade', 'E': 1698479524852, 's': 'BTCUSDT', 'a': 2740901355, 'p': '34066.37000000', 'q': '0.00370000', 'f': 3260167894, 'l': 3260167894, 'T': 1698479524851, 'm': True, 'M': True}
2023-10-28 13:22:06,284 - INFO - {'e': 'aggTrade', 'E': 1698479526726, 's': 'BTCUSDT', 'a': 2740901364, 'p': '34066.37000000', 'q': '0.00069000', 'f': 3260167903, 'l': 3260167903, 'T': 1698479526726, 'm': True, 'M': True}
2023-10-28 13:22:06,284 - INFO - {'e': 'aggTrade', 'E': 1698479526726, 's': 'BTCUSDT', 'a': 2740901364, 'p': '34066.37000000', 'q': '0.00069000', 'f': 3260167903, 'l': 3260167903, 'T': 1698479526726, 'm': True, 'M': True}
2023-10-28 13:22:08,348 - INFO - {'e': 'aggTrade', 'E': 1698479528335, 's': 'BTCUSDT', 'a': 2740901366, 'p': '34066.38000000', 'q': '0.00039000', 'f': 3260167905, 'l': 3260167905, 'T': 1698479528335, 'm': False, 'M': True}
2023-10-28 13:22:08,348 - INFO - {'e': 'aggTrade', 'E': 1698479528335, 's': 'BTCUSDT', 'a': 2740901366, 'p': '34066.38000000', 'q': '0.00039000', 'f': 3260167905, 'l': 3260167905, 'T': 1698479528335, 'm': False, 'M': True}
2023-10-28 13:22:10,426 - INFO - {'e': 'aggTrade', 'E': 1698479531035, 's': 'BTCUSDT', 'a': 2740901372, 'p': '34066.37000000', 'q': '0.00151000', 'f': 3260167911, 'l': 3260167911, 'T': 1698479531035, 'm': True, 'M': True}
2023-10-28 13:22:10,426 - INFO - {'e': 'aggTrade', 'E': 1698479531035, 's': 'BTCUSDT', 'a': 2740901372, 'p': '34066.37000000', 'q': '0.00151000', 'f': 3260167911, 'l': 3260167911, 'T': 1698479531035, 'm': True, 'M': True}
2023-10-28 13:22:12,470 - INFO - {'e': 'aggTrade', 'E': 1698479533225, 's': 'BTCUSDT', 'a': 2740901375, 'p': '34066.38000000', 'q': '0.01327000', 'f': 3260167914, 'l': 3260167914, 'T': 1698479533224, 'm': False, 'M': True}
2023-10-28 13:22:12,471 - INFO - {'e': 'aggTrade', 'E': 1698479533225, 's': 'BTCUSDT', 'a': 2740901375, 'p': '34066.38000000', 'q': '0.01327000', 'f': 3260167914, 'l': 3260167914, 'T': 1698479533224, 'm': False, 'M': True}
2023-10-28 13:22:14,511 - INFO - {'e': 'aggTrade', 'E': 1698479535163, 's': 'BTCUSDT', 'a': 2740901379, 'p': '34066.38000000', 'q': '0.00096000', 'f': 3260167918, 'l': 3260167918, 'T': 1698479535162, 'm': False, 'M': True}
2023-10-28 13:22:14,513 - INFO - {'e': 'aggTrade', 'E': 1698479535163, 's': 'BTCUSDT', 'a': 2740901379, 'p': '34066.38000000', 'q': '0.00096000', 'f': 3260167918, 'l': 3260167918, 'T': 1698479535162, 'm': False, 'M': True}
2023-10-28 13:22:16,583 - INFO - {'e': 'aggTrade', 'E': 1698479537384, 's': 'BTCUSDT', 'a': 2740901386, 'p': '34066.37000000', 'q': '0.00064000', 'f': 3260167927, 'l': 3260167928, 'T': 1698479537383, 'm': True, 'M': True}
2023-10-28 13:22:16,583 - INFO - {'e': 'aggTrade', 'E': 1698479537384, 's': 'BTCUSDT', 'a': 2740901386, 'p': '34066.37000000', 'q': '0.00064000', 'f': 3260167927, 'l': 3260167928, 'T': 1698479537383, 'm': True, 'M': True}
2023-10-28 13:22:18,630 - INFO - {'e': 'aggTrade', 'E': 1698479539241, 's': 'BTCUSDT', 'a': 2740901392, 'p': '34066.37000000', 'q': '0.01467000', 'f': 3260167936, 'l': 3260167937, 'T': 1698479539240, 'm': True, 'M': True}
2023-10-28 13:22:18,630 - INFO - {'e': 'aggTrade', 'E': 1698479539241, 's': 'BTCUSDT', 'a': 2740901392, 'p': '34066.37000000', 'q': '0.01467000', 'f': 3260167936, 'l': 3260167937, 'T': 1698479539240, 'm': True, 'M': True}
2023-10-28 13:22:20,696 - INFO - {'e': 'aggTrade', 'E': 1698479540352, 's': 'BTCUSDT', 'a': 2740901394, 'p': '34066.37000000', 'q': '0.00766000', 'f': 3260167939, 'l': 3260167940, 'T': 1698479540351, 'm': True, 'M': True}
2023-10-28 13:22:20,700 - INFO - {'e': 'aggTrade', 'E': 1698479540352, 's': 'BTCUSDT', 'a': 2740901394, 'p': '34066.37000000', 'q': '0.00766000', 'f': 3260167939, 'l': 3260167940, 'T': 1698479540351, 'm': True, 'M': True}
2023-10-28 13:22:22,743 - INFO - {'e': 'aggTrade', 'E': 1698479543255, 's': 'BTCUSDT', 'a': 2740901403, 'p': '34066.37000000', 'q': '0.03983000', 'f': 3260167959, 'l': 3260167963, 'T': 1698479543254, 'm': True, 'M': True}
2023-10-28 13:22:22,745 - INFO - {'e': 'aggTrade', 'E': 1698479543255, 's': 'BTCUSDT', 'a': 2740901403, 'p': '34066.37000000', 'q': '0.03983000', 'f': 3260167959, 'l': 3260167963, 'T': 1698479543254, 'm': True, 'M': True}
2023-10-28 13:22:24,798 - INFO - {'e': 'aggTrade', 'E': 1698479544929, 's': 'BTCUSDT', 'a': 2740901410, 'p': '34066.20000000', 'q': '0.00212000', 'f': 3260167970, 'l': 3260167970, 'T': 1698479544929, 'm': True, 'M': True}
2023-10-28 13:22:24,798 - INFO - {'e': 'aggTrade', 'E': 1698479544929, 's': 'BTCUSDT', 'a': 2740901410, 'p': '34066.20000000', 'q': '0.00212000', 'f': 3260167970, 'l': 3260167970, 'T': 1698479544929, 'm': True, 'M': True}
2023-10-28 13:22:26,848 - INFO - {'e': 'aggTrade', 'E': 1698479546084, 's': 'BTCUSDT', 'a': 2740901412, 'p': '34066.18000000', 'q': '0.01420000', 'f': 3260167972, 'l': 3260167972, 'T': 1698479546083, 'm': True, 'M': True}
2023-10-28 13:22:26,848 - INFO - {'e': 'aggTrade', 'E': 1698479546084, 's': 'BTCUSDT', 'a': 2740901412, 'p': '34066.18000000', 'q': '0.01420000', 'f': 3260167972, 'l': 3260167972, 'T': 1698479546083, 'm': True, 'M': True}
2023-10-28 13:22:28,895 - INFO - {'e': 'aggTrade', 'E': 1698479549632, 's': 'BTCUSDT', 'a': 2740901418, 'p': '34066.18000000', 'q': '0.00015000', 'f': 3260167978, 'l': 3260167978, 'T': 1698479549631, 'm': True, 'M': True}
2023-10-28 13:22:28,895 - INFO - {'e': 'aggTrade', 'E': 1698479549632, 's': 'BTCUSDT', 'a': 2740901418, 'p': '34066.18000000', 'q': '0.00015000', 'f': 3260167978, 'l': 3260167978, 'T': 1698479549631, 'm': True, 'M': True}
2023-10-28 13:22:30,941 - INFO - {'e': 'aggTrade', 'E': 1698479551490, 's': 'BTCUSDT', 'a': 2740901422, 'p': '34066.18000000', 'q': '0.00082000', 'f': 3260167982, 'l': 3260167982, 'T': 1698479551490, 'm': True, 'M': True}
2023-10-28 13:22:30,944 - INFO - {'e': 'aggTrade', 'E': 1698479551490, 's': 'BTCUSDT', 'a': 2740901422, 'p': '34066.18000000', 'q': '0.00082000', 'f': 3260167982, 'l': 3260167982, 'T': 1698479551490, 'm': True, 'M': True}
2023-10-28 13:26:01,991 - ERROR - Exception Occured ('Connection aborted.', ConnectionResetError(10054, 'An existing connection was forcibly closed by the remote host', None, 10054, None))
2023-10-28 13:26:01,993 - ERROR - No data available
2023-10-28 13:26:06,059 - ERROR - Exception Occured HTTPConnectionPool(host='localhost', port=5000): Max retries exceeded with url: /ltm (Caused by NewConnectionError('<urllib3.connection.HTTPConnection object at 0x000001E459044ED0>: Failed to establish a new connection: [WinError 10061] No connection could be made because the target machine actively refused it'))
2023-10-28 13:26:06,060 - ERROR - No data available
2023-10-28 13:26:10,125 - ERROR - Exception Occured HTTPConnectionPool(host='localhost', port=5000): Max retries exceeded with url: /ltm (Caused by NewConnectionError('<urllib3.connection.HTTPConnection object at 0x000001E4590471D0>: Failed to establish a new connection: [WinError 10061] No connection could be made because the target machine actively refused it'))
2023-10-28 13:26:10,125 - ERROR - No data available
2023-10-28 13:26:14,191 - ERROR - Exception Occured HTTPConnectionPool(host='localhost', port=5000): Max retries exceeded with url: /ltm (Caused by NewConnectionError('<urllib3.connection.HTTPConnection object at 0x000001E459055190>: Failed to establish a new connection: [WinError 10061] No connection could be made because the target machine actively refused it'))
2023-10-28 13:26:14,192 - ERROR - No data available
2023-10-28 13:26:18,261 - ERROR - Exception Occured HTTPConnectionPool(host='localhost', port=5000): Max retries exceeded with url: /ltm (Caused by NewConnectionError('<urllib3.connection.HTTPConnection object at 0x000001E459057110>: Failed to establish a new connection: [WinError 10061] No connection could be made because the target machine actively refused it'))
2023-10-28 13:26:18,261 - ERROR - No data available
2023-10-28 13:26:22,350 - ERROR - Exception Occured HTTPConnectionPool(host='localhost', port=5000): Max retries exceeded with url: /ltm (Caused by NewConnectionError('<urllib3.connection.HTTPConnection object at 0x000001E459057210>: Failed to establish a new connection: [WinError 10061] No connection could be made because the target machine actively refused it'))
2023-10-28 13:26:22,350 - ERROR - No data available
2023-10-28 13:26:26,401 - ERROR - Exception Occured HTTPConnectionPool(host='localhost', port=5000): Max retries exceeded with url: /ltm (Caused by NewConnectionError('<urllib3.connection.HTTPConnection object at 0x000001E459054790>: Failed to establish a new connection: [WinError 10061] No connection could be made because the target machine actively refused it'))
2023-10-28 13:26:26,404 - ERROR - No data available
2023-10-28 13:26:30,478 - ERROR - Exception Occured HTTPConnectionPool(host='localhost', port=5000): Max retries exceeded with url: /ltm (Caused by NewConnectionError('<urllib3.connection.HTTPConnection object at 0x000001E459047B90>: Failed to establish a new connection: [WinError 10061] No connection could be made because the target machine actively refused it'))
2023-10-28 13:26:30,479 - ERROR - No data available
2023-10-28 13:26:34,555 - ERROR - Exception Occured HTTPConnectionPool(host='localhost', port=5000): Max retries exceeded with url: /ltm (Caused by NewConnectionError('<urllib3.connection.HTTPConnection object at 0x000001E459045850>: Failed to establish a new connection: [WinError 10061] No connection could be made because the target machine actively refused it'))
2023-10-28 13:26:34,556 - ERROR - No data available
2023-10-28 13:26:38,616 - ERROR - Exception Occured HTTPConnectionPool(host='localhost', port=5000): Max retries exceeded with url: /ltm (Caused by NewConnectionError('<urllib3.connection.HTTPConnection object at 0x000001E459033710>: Failed to establish a new connection: [WinError 10061] No connection could be made because the target machine actively refused it'))
2023-10-28 13:26:38,619 - ERROR - No data available
2023-10-28 13:26:42,699 - ERROR - Exception Occured HTTPConnectionPool(host='localhost', port=5000): Max retries exceeded with url: /ltm (Caused by NewConnectionError('<urllib3.connection.HTTPConnection object at 0x000001E45905D290>: Failed to establish a new connection: [WinError 10061] No connection could be made because the target machine actively refused it'))
2023-10-28 13:26:42,701 - ERROR - No data available
2023-10-28 13:26:46,788 - ERROR - Exception Occured HTTPConnectionPool(host='localhost', port=5000): Max retries exceeded with url: /ltm (Caused by NewConnectionError('<urllib3.connection.HTTPConnection object at 0x000001E4590322D0>: Failed to establish a new connection: [WinError 10061] No connection could be made because the target machine actively refused it'))
2023-10-28 13:26:46,790 - ERROR - No data available
2023-10-28 13:26:50,847 - ERROR - Exception Occured HTTPConnectionPool(host='localhost', port=5000): Max retries exceeded with url: /ltm (Caused by NewConnectionError('<urllib3.connection.HTTPConnection object at 0x000001E459044F90>: Failed to establish a new connection: [WinError 10061] No connection could be made because the target machine actively refused it'))
2023-10-28 13:26:50,849 - ERROR - No data available
2023-10-28 13:26:54,913 - ERROR - Exception Occured HTTPConnectionPool(host='localhost', port=5000): Max retries exceeded with url: /ltm (Caused by NewConnectionError('<urllib3.connection.HTTPConnection object at 0x000001E459047710>: Failed to establish a new connection: [WinError 10061] No connection could be made because the target machine actively refused it'))
2023-10-28 13:26:54,914 - ERROR - No data available
2023-10-28 13:26:58,980 - ERROR - Exception Occured HTTPConnectionPool(host='localhost', port=5000): Max retries exceeded with url: /ltm (Caused by NewConnectionError('<urllib3.connection.HTTPConnection object at 0x000001E459023BD0>: Failed to establish a new connection: [WinError 10061] No connection could be made because the target machine actively refused it'))
2023-10-28 13:26:58,981 - ERROR - No data available
2023-10-28 13:27:03,039 - ERROR - Exception Occured HTTPConnectionPool(host='localhost', port=5000): Max retries exceeded with url: /ltm (Caused by NewConnectionError('<urllib3.connection.HTTPConnection object at 0x000001E459055AD0>: Failed to establish a new connection: [WinError 10061] No connection could be made because the target machine actively refused it'))
2023-10-28 13:27:03,042 - ERROR - No data available
2023-10-28 13:27:07,115 - ERROR - Exception Occured HTTPConnectionPool(host='localhost', port=5000): Max retries exceeded with url: /ltm (Caused by NewConnectionError('<urllib3.connection.HTTPConnection object at 0x000001E45905C790>: Failed to establish a new connection: [WinError 10061] No connection could be made because the target machine actively refused it'))
2023-10-28 13:27:07,117 - ERROR - No data available
2023-10-28 13:27:11,184 - ERROR - Exception Occured HTTPConnectionPool(host='localhost', port=5000): Max retries exceeded with url: /ltm (Caused by NewConnectionError('<urllib3.connection.HTTPConnection object at 0x000001E459023710>: Failed to establish a new connection: [WinError 10061] No connection could be made because the target machine actively refused it'))
2023-10-28 13:27:11,184 - ERROR - No data available
2023-10-28 13:27:15,251 - ERROR - Exception Occured HTTPConnectionPool(host='localhost', port=5000): Max retries exceeded with url: /ltm (Caused by NewConnectionError('<urllib3.connection.HTTPConnection object at 0x000001E459057C50>: Failed to establish a new connection: [WinError 10061] No connection could be made because the target machine actively refused it'))
2023-10-28 13:27:15,252 - ERROR - No data available
2023-10-28 13:27:19,353 - ERROR - Exception Occured HTTPConnectionPool(host='localhost', port=5000): Max retries exceeded with url: /ltm (Caused by NewConnectionError('<urllib3.connection.HTTPConnection object at 0x000001E459055210>: Failed to establish a new connection: [WinError 10061] No connection could be made because the target machine actively refused it'))
2023-10-28 13:27:19,357 - ERROR - No data available
2023-10-28 13:27:23,409 - ERROR - Exception Occured HTTPConnectionPool(host='localhost', port=5000): Max retries exceeded with url: /ltm (Caused by NewConnectionError('<urllib3.connection.HTTPConnection object at 0x000001E459044790>: Failed to establish a new connection: [WinError 10061] No connection could be made because the target machine actively refused it'))
2023-10-28 13:27:23,410 - ERROR - No data available
2023-10-28 13:27:27,475 - ERROR - Exception Occured HTTPConnectionPool(host='localhost', port=5000): Max retries exceeded with url: /ltm (Caused by NewConnectionError('<urllib3.connection.HTTPConnection object at 0x000001E4590458D0>: Failed to establish a new connection: [WinError 10061] No connection could be made because the target machine actively refused it'))
2023-10-28 13:27:27,475 - ERROR - No data available
2023-10-28 13:27:31,541 - ERROR - Exception Occured HTTPConnectionPool(host='localhost', port=5000): Max retries exceeded with url: /ltm (Caused by NewConnectionError('<urllib3.connection.HTTPConnection object at 0x000001E458DD9490>: Failed to establish a new connection: [WinError 10061] No connection could be made because the target machine actively refused it'))
2023-10-28 13:27:31,543 - ERROR - No data available
2023-10-28 13:27:35,613 - ERROR - Exception Occured HTTPConnectionPool(host='localhost', port=5000): Max retries exceeded with url: /ltm (Caused by NewConnectionError('<urllib3.connection.HTTPConnection object at 0x000001E458DE5250>: Failed to establish a new connection: [WinError 10061] No connection could be made because the target machine actively refused it'))
2023-10-28 13:27:35,613 - ERROR - No data available
2023-10-28 13:27:39,715 - ERROR - Exception Occured HTTPConnectionPool(host='localhost', port=5000): Max retries exceeded with url: /ltm (Caused by NewConnectionError('<urllib3.connection.HTTPConnection object at 0x000001E459045650>: Failed to establish a new connection: [WinError 10061] No connection could be made because the target machine actively refused it'))
2023-10-28 13:27:39,715 - ERROR - No data available
2023-10-28 13:27:43,772 - ERROR - Exception Occured HTTPConnectionPool(host='localhost', port=5000): Max retries exceeded with url: /ltm (Caused by NewConnectionError('<urllib3.connection.HTTPConnection object at 0x000001E459045D50>: Failed to establish a new connection: [WinError 10061] No connection could be made because the target machine actively refused it'))
2023-10-28 13:27:43,775 - ERROR - No data available
2023-10-28 13:27:47,856 - ERROR - Exception Occured HTTPConnectionPool(host='localhost', port=5000): Max retries exceeded with url: /ltm (Caused by NewConnectionError('<urllib3.connection.HTTPConnection object at 0x000001E459057B10>: Failed to establish a new connection: [WinError 10061] No connection could be made because the target machine actively refused it'))
2023-10-28 13:27:47,858 - ERROR - No data available
2023-10-28 13:27:51,918 - ERROR - Exception Occured HTTPConnectionPool(host='localhost', port=5000): Max retries exceeded with url: /ltm (Caused by NewConnectionError('<urllib3.connection.HTTPConnection object at 0x000001E459055190>: Failed to establish a new connection: [WinError 10061] No connection could be made because the target machine actively refused it'))
2023-10-28 13:27:51,918 - ERROR - No data available
2023-10-28 13:27:55,969 - ERROR - Exception Occured HTTPConnectionPool(host='localhost', port=5000): Max retries exceeded with url: /ltm (Caused by NewConnectionError('<urllib3.connection.HTTPConnection object at 0x000001E459023010>: Failed to establish a new connection: [WinError 10061] No connection could be made because the target machine actively refused it'))
2023-10-28 13:27:55,972 - ERROR - No data available
2023-10-28 13:28:00,025 - ERROR - Exception Occured HTTPConnectionPool(host='localhost', port=5000): Max retries exceeded with url: /ltm (Caused by NewConnectionError('<urllib3.connection.HTTPConnection object at 0x000001E45905F490>: Failed to establish a new connection: [WinError 10061] No connection could be made because the target machine actively refused it'))
2023-10-28 13:28:00,028 - ERROR - No data available
2023-10-28 13:28:04,104 - ERROR - Exception Occured HTTPConnectionPool(host='localhost', port=5000): Max retries exceeded with url: /ltm (Caused by NewConnectionError('<urllib3.connection.HTTPConnection object at 0x000001E4590569D0>: Failed to establish a new connection: [WinError 10061] No connection could be made because the target machine actively refused it'))
2023-10-28 13:28:04,104 - ERROR - No data available
2023-10-28 13:28:08,160 - ERROR - Exception Occured HTTPConnectionPool(host='localhost', port=5000): Max retries exceeded with url: /ltm (Caused by NewConnectionError('<urllib3.connection.HTTPConnection object at 0x000001E459056390>: Failed to establish a new connection: [WinError 10061] No connection could be made because the target machine actively refused it'))
2023-10-28 13:28:08,160 - ERROR - No data available
2023-10-28 13:28:12,209 - ERROR - Exception Occured HTTPConnectionPool(host='localhost', port=5000): Max retries exceeded with url: /ltm (Caused by NewConnectionError('<urllib3.connection.HTTPConnection object at 0x000001E459033210>: Failed to establish a new connection: [WinError 10061] No connection could be made because the target machine actively refused it'))
2023-10-28 13:28:12,212 - ERROR - No data available
2023-10-28 13:28:20,850 - ERROR - Exception Occured Expecting value: line 1 column 1 (char 0)
2023-10-28 13:28:20,850 - ERROR - No data available
2023-10-28 13:28:25,854 - INFO - {'e': 'aggTrade', 'E': 1698479894884, 's': 'BTCUSDT', 'a': 2740902752, 'p': '34052.13000000', 'q': '0.00303000', 'f': 3260169838, 'l': 3260169838, 'T': 1698479894883, 'm': True, 'M': True}
2023-10-28 13:28:25,854 - INFO - {'e': 'aggTrade', 'E': 1698479894884, 's': 'BTCUSDT', 'a': 2740902752, 'p': '34052.13000000', 'q': '0.00303000', 'f': 3260169838, 'l': 3260169838, 'T': 1698479894883, 'm': True, 'M': True}
2023-10-28 13:28:33,126 - INFO - {'e': 'aggTrade', 'E': 1698479894939, 's': 'BTCUSDT', 'a': 2740902753, 'p': '34052.13000000', 'q': '0.01000000', 'f': 3260169839, 'l': 3260169839, 'T': 1698479894938, 'm': True, 'M': True}
2023-10-28 13:28:33,126 - INFO - {'e': 'aggTrade', 'E': 1698479894939, 's': 'BTCUSDT', 'a': 2740902753, 'p': '34052.13000000', 'q': '0.01000000', 'f': 3260169839, 'l': 3260169839, 'T': 1698479894938, 'm': True, 'M': True}
2023-10-28 13:28:35,767 - INFO - {'e': 'aggTrade', 'E': 1698479895134, 's': 'BTCUSDT', 'a': 2740902754, 'p': '34052.13000000', 'q': '0.00120000', 'f': 3260169840, 'l': 3260169840, 'T': 1698479895134, 'm': True, 'M': True}
2023-10-28 13:28:35,767 - INFO - {'e': 'aggTrade', 'E': 1698479895134, 's': 'BTCUSDT', 'a': 2740902754, 'p': '34052.13000000', 'q': '0.00120000', 'f': 3260169840, 'l': 3260169840, 'T': 1698479895134, 'm': True, 'M': True}
2023-10-28 13:28:38,697 - INFO - {'e': 'aggTrade', 'E': 1698479895389, 's': 'BTCUSDT', 'a': 2740902755, 'p': '34052.13000000', 'q': '0.00468000', 'f': 3260169841, 'l': 3260169841, 'T': 1698479895388, 'm': True, 'M': True}
2023-10-28 13:28:38,697 - INFO - {'e': 'aggTrade', 'E': 1698479895389, 's': 'BTCUSDT', 'a': 2740902755, 'p': '34052.13000000', 'q': '0.00468000', 'f': 3260169841, 'l': 3260169841, 'T': 1698479895388, 'm': True, 'M': True}
2023-10-28 13:28:42,942 - INFO - {'e': 'aggTrade', 'E': 1698479896189, 's': 'BTCUSDT', 'a': 2740902756, 'p': '34052.13000000', 'q': '0.00200000', 'f': 3260169842, 'l': 3260169842, 'T': 1698479896189, 'm': True, 'M': True}
2023-10-28 13:28:42,943 - INFO - {'e': 'aggTrade', 'E': 1698479896189, 's': 'BTCUSDT', 'a': 2740902756, 'p': '34052.13000000', 'q': '0.00200000', 'f': 3260169842, 'l': 3260169842, 'T': 1698479896189, 'm': True, 'M': True}
2023-10-28 13:28:48,322 - INFO - {'e': 'aggTrade', 'E': 1698479898202, 's': 'BTCUSDT', 'a': 2740902759, 'p': '34052.13000000', 'q': '0.00346000', 'f': 3260169845, 'l': 3260169845, 'T': 1698479898202, 'm': True, 'M': True}
2023-10-28 13:28:48,324 - INFO - {'e': 'aggTrade', 'E': 1698479898202, 's': 'BTCUSDT', 'a': 2740902759, 'p': '34052.13000000', 'q': '0.00346000', 'f': 3260169845, 'l': 3260169845, 'T': 1698479898202, 'm': True, 'M': True}
2023-10-28 13:29:11,182 - INFO - {'e': 'aggTrade', 'E': 1698479898308, 's': 'BTCUSDT', 'a': 2740902761, 'p': '34052.13000000', 'q': '0.09068000', 'f': 3260169849, 'l': 3260169853, 'T': 1698479898307, 'm': True, 'M': True}
2023-10-28 13:29:11,183 - INFO - {'e': 'aggTrade', 'E': 1698479898308, 's': 'BTCUSDT', 'a': 2740902761, 'p': '34052.13000000', 'q': '0.09068000', 'f': 3260169849, 'l': 3260169853, 'T': 1698479898307, 'm': True, 'M': True}
2023-10-28 13:29:13,479 - INFO - {'e': 'aggTrade', 'E': 1698479898309, 's': 'BTCUSDT', 'a': 2740902763, 'p': '34052.13000000', 'q': '0.22533000', 'f': 3260169855, 'l': 3260169857, 'T': 1698479898308, 'm': True, 'M': True}
2023-10-28 13:29:13,481 - INFO - {'e': 'aggTrade', 'E': 1698479898309, 's': 'BTCUSDT', 'a': 2740902763, 'p': '34052.13000000', 'q': '0.22533000', 'f': 3260169855, 'l': 3260169857, 'T': 1698479898308, 'm': True, 'M': True}
2023-10-28 13:29:15,749 - INFO - {'e': 'aggTrade', 'E': 1698479898314, 's': 'BTCUSDT', 'a': 2740902764, 'p': '34051.99000000', 'q': '0.00100000', 'f': 3260169858, 'l': 3260169858, 'T': 1698479898312, 'm': True, 'M': True}
2023-10-28 13:29:15,753 - INFO - {'e': 'aggTrade', 'E': 1698479898314, 's': 'BTCUSDT', 'a': 2740902764, 'p': '34051.99000000', 'q': '0.00100000', 'f': 3260169858, 'l': 3260169858, 'T': 1698479898312, 'm': True, 'M': True}
2023-10-28 13:29:18,098 - INFO - {'e': 'aggTrade', 'E': 1698479898327, 's': 'BTCUSDT', 'a': 2740902767, 'p': '34051.54000000', 'q': '0.00293000', 'f': 3260169861, 'l': 3260169861, 'T': 1698479898326, 'm': True, 'M': True}
2023-10-28 13:29:18,098 - INFO - {'e': 'aggTrade', 'E': 1698479898327, 's': 'BTCUSDT', 'a': 2740902767, 'p': '34051.54000000', 'q': '0.00293000', 'f': 3260169861, 'l': 3260169861, 'T': 1698479898326, 'm': True, 'M': True}
2023-10-28 13:29:23,316 - INFO - {'e': 'aggTrade', 'E': 1698479898327, 's': 'BTCUSDT', 'a': 2740902769, 'p': '34051.52000000', 'q': '0.00129000', 'f': 3260169869, 'l': 3260169869, 'T': 1698479898326, 'm': True, 'M': True}
2023-10-28 13:29:23,317 - INFO - {'e': 'aggTrade', 'E': 1698479898327, 's': 'BTCUSDT', 'a': 2740902769, 'p': '34051.52000000', 'q': '0.00129000', 'f': 3260169869, 'l': 3260169869, 'T': 1698479898326, 'm': True, 'M': True}
2023-10-28 13:29:25,630 - INFO - {'e': 'aggTrade', 'E': 1698479898334, 's': 'BTCUSDT', 'a': 2740902772, 'p': '34051.19000000', 'q': '0.00500000', 'f': 3260169872, 'l': 3260169872, 'T': 1698479898333, 'm': True, 'M': True}
2023-10-28 13:29:25,632 - INFO - {'e': 'aggTrade', 'E': 1698479898334, 's': 'BTCUSDT', 'a': 2740902772, 'p': '34051.19000000', 'q': '0.00500000', 'f': 3260169872, 'l': 3260169872, 'T': 1698479898333, 'm': True, 'M': True}
2023-10-28 13:29:29,704 - ERROR - Exception Occured HTTPConnectionPool(host='localhost', port=5000): Max retries exceeded with url: /ltm (Caused by NewConnectionError('<urllib3.connection.HTTPConnection object at 0x000001E459044990>: Failed to establish a new connection: [WinError 10061] No connection could be made because the target machine actively refused it'))
2023-10-28 13:29:29,708 - ERROR - No data available
2023-10-28 13:29:33,753 - ERROR - Exception Occured HTTPConnectionPool(host='localhost', port=5000): Max retries exceeded with url: /ltm (Caused by NewConnectionError('<urllib3.connection.HTTPConnection object at 0x000001E4590476D0>: Failed to establish a new connection: [WinError 10061] No connection could be made because the target machine actively refused it'))
2023-10-28 13:29:33,753 - ERROR - No data available
2023-10-28 13:29:37,819 - ERROR - Exception Occured HTTPConnectionPool(host='localhost', port=5000): Max retries exceeded with url: /ltm (Caused by NewConnectionError('<urllib3.connection.HTTPConnection object at 0x000001E45905CCD0>: Failed to establish a new connection: [WinError 10061] No connection could be made because the target machine actively refused it'))
2023-10-28 13:29:37,819 - ERROR - No data available
2023-10-28 13:29:41,892 - ERROR - Exception Occured HTTPConnectionPool(host='localhost', port=5000): Max retries exceeded with url: /ltm (Caused by NewConnectionError('<urllib3.connection.HTTPConnection object at 0x000001E459032F10>: Failed to establish a new connection: [WinError 10061] No connection could be made because the target machine actively refused it'))
2023-10-28 13:29:41,897 - ERROR - No data available
2023-10-28 13:29:45,965 - ERROR - Exception Occured HTTPConnectionPool(host='localhost', port=5000): Max retries exceeded with url: /ltm (Caused by NewConnectionError('<urllib3.connection.HTTPConnection object at 0x000001E459047250>: Failed to establish a new connection: [WinError 10061] No connection could be made because the target machine actively refused it'))
2023-10-28 13:29:45,965 - ERROR - No data available
2023-10-28 13:29:50,035 - ERROR - Exception Occured HTTPConnectionPool(host='localhost', port=5000): Max retries exceeded with url: /ltm (Caused by NewConnectionError('<urllib3.connection.HTTPConnection object at 0x000001E4590541D0>: Failed to establish a new connection: [WinError 10061] No connection could be made because the target machine actively refused it'))
2023-10-28 13:29:50,035 - ERROR - No data available
2023-10-28 13:29:54,096 - ERROR - Exception Occured HTTPConnectionPool(host='localhost', port=5000): Max retries exceeded with url: /ltm (Caused by NewConnectionError('<urllib3.connection.HTTPConnection object at 0x000001E4590555D0>: Failed to establish a new connection: [WinError 10061] No connection could be made because the target machine actively refused it'))
2023-10-28 13:29:54,107 - ERROR - No data available
2023-10-28 13:29:58,157 - ERROR - Exception Occured HTTPConnectionPool(host='localhost', port=5000): Max retries exceeded with url: /ltm (Caused by NewConnectionError('<urllib3.connection.HTTPConnection object at 0x000001E459023490>: Failed to establish a new connection: [WinError 10061] No connection could be made because the target machine actively refused it'))
2023-10-28 13:29:58,159 - ERROR - No data available
2023-10-28 13:30:02,230 - ERROR - Exception Occured HTTPConnectionPool(host='localhost', port=5000): Max retries exceeded with url: /ltm (Caused by NewConnectionError('<urllib3.connection.HTTPConnection object at 0x000001E45905C690>: Failed to establish a new connection: [WinError 10061] No connection could be made because the target machine actively refused it'))
2023-10-28 13:30:02,230 - ERROR - No data available
2023-10-28 13:30:06,313 - ERROR - Exception Occured HTTPConnectionPool(host='localhost', port=5000): Max retries exceeded with url: /ltm (Caused by NewConnectionError('<urllib3.connection.HTTPConnection object at 0x000001E459055650>: Failed to establish a new connection: [WinError 10061] No connection could be made because the target machine actively refused it'))
2023-10-28 13:30:06,313 - ERROR - No data available
2023-10-28 13:30:10,364 - ERROR - Exception Occured HTTPConnectionPool(host='localhost', port=5000): Max retries exceeded with url: /ltm (Caused by NewConnectionError('<urllib3.connection.HTTPConnection object at 0x000001E459057390>: Failed to establish a new connection: [WinError 10061] No connection could be made because the target machine actively refused it'))
2023-10-28 13:30:10,367 - ERROR - No data available
2023-10-28 13:30:14,425 - ERROR - Exception Occured HTTPConnectionPool(host='localhost', port=5000): Max retries exceeded with url: /ltm (Caused by NewConnectionError('<urllib3.connection.HTTPConnection object at 0x000001E459047A50>: Failed to establish a new connection: [WinError 10061] No connection could be made because the target machine actively refused it'))
2023-10-28 13:30:14,428 - ERROR - No data available
2023-10-28 13:30:18,497 - ERROR - Exception Occured HTTPConnectionPool(host='localhost', port=5000): Max retries exceeded with url: /ltm (Caused by NewConnectionError('<urllib3.connection.HTTPConnection object at 0x000001E459046A90>: Failed to establish a new connection: [WinError 10061] No connection could be made because the target machine actively refused it'))
2023-10-28 13:30:18,497 - ERROR - No data available
2023-10-28 13:30:22,570 - ERROR - Exception Occured HTTPConnectionPool(host='localhost', port=5000): Max retries exceeded with url: /ltm (Caused by NewConnectionError('<urllib3.connection.HTTPConnection object at 0x000001E4588FACD0>: Failed to establish a new connection: [WinError 10061] No connection could be made because the target machine actively refused it'))
2023-10-28 13:30:22,573 - ERROR - No data available
2023-10-28 13:30:26,625 - ERROR - Exception Occured HTTPConnectionPool(host='localhost', port=5000): Max retries exceeded with url: /ltm (Caused by NewConnectionError('<urllib3.connection.HTTPConnection object at 0x000001E45906D390>: Failed to establish a new connection: [WinError 10061] No connection could be made because the target machine actively refused it'))
2023-10-28 13:30:26,625 - ERROR - No data available
2023-10-28 13:30:30,700 - ERROR - Exception Occured HTTPConnectionPool(host='localhost', port=5000): Max retries exceeded with url: /ltm (Caused by NewConnectionError('<urllib3.connection.HTTPConnection object at 0x000001E4590320D0>: Failed to establish a new connection: [WinError 10061] No connection could be made because the target machine actively refused it'))
2023-10-28 13:30:30,700 - ERROR - No data available
2023-10-28 13:30:34,761 - ERROR - Exception Occured HTTPConnectionPool(host='localhost', port=5000): Max retries exceeded with url: /ltm (Caused by NewConnectionError('<urllib3.connection.HTTPConnection object at 0x000001E459046990>: Failed to establish a new connection: [WinError 10061] No connection could be made because the target machine actively refused it'))
2023-10-28 13:30:34,761 - ERROR - No data available
2023-10-28 13:30:38,819 - ERROR - Exception Occured HTTPConnectionPool(host='localhost', port=5000): Max retries exceeded with url: /ltm (Caused by NewConnectionError('<urllib3.connection.HTTPConnection object at 0x000001E459055A90>: Failed to establish a new connection: [WinError 10061] No connection could be made because the target machine actively refused it'))
2023-10-28 13:30:38,821 - ERROR - No data available
2023-10-28 13:30:42,889 - ERROR - Exception Occured HTTPConnectionPool(host='localhost', port=5000): Max retries exceeded with url: /ltm (Caused by NewConnectionError('<urllib3.connection.HTTPConnection object at 0x000001E459057490>: Failed to establish a new connection: [WinError 10061] No connection could be made because the target machine actively refused it'))
2023-10-28 13:30:42,890 - ERROR - No data available
2023-10-28 13:30:47,003 - ERROR - Exception Occured HTTPConnectionPool(host='localhost', port=5000): Max retries exceeded with url: /ltm (Caused by NewConnectionError('<urllib3.connection.HTTPConnection object at 0x000001E459023150>: Failed to establish a new connection: [WinError 10061] No connection could be made because the target machine actively refused it'))
2023-10-28 13:30:47,003 - ERROR - No data available
2023-10-28 13:30:51,081 - ERROR - Exception Occured HTTPConnectionPool(host='localhost', port=5000): Max retries exceeded with url: /ltm (Caused by NewConnectionError('<urllib3.connection.HTTPConnection object at 0x000001E45906F350>: Failed to establish a new connection: [WinError 10061] No connection could be made because the target machine actively refused it'))
2023-10-28 13:30:51,081 - ERROR - No data available
2023-10-28 13:30:55,134 - ERROR - Exception Occured HTTPConnectionPool(host='localhost', port=5000): Max retries exceeded with url: /ltm (Caused by NewConnectionError('<urllib3.connection.HTTPConnection object at 0x000001E459032910>: Failed to establish a new connection: [WinError 10061] No connection could be made because the target machine actively refused it'))
2023-10-28 13:30:55,134 - ERROR - No data available
2023-10-28 13:30:59,209 - ERROR - Exception Occured HTTPConnectionPool(host='localhost', port=5000): Max retries exceeded with url: /ltm (Caused by NewConnectionError('<urllib3.connection.HTTPConnection object at 0x000001E459056250>: Failed to establish a new connection: [WinError 10061] No connection could be made because the target machine actively refused it'))
2023-10-28 13:30:59,209 - ERROR - No data available
2023-10-28 13:31:03,281 - ERROR - Exception Occured HTTPConnectionPool(host='localhost', port=5000): Max retries exceeded with url: /ltm (Caused by NewConnectionError('<urllib3.connection.HTTPConnection object at 0x000001E459055690>: Failed to establish a new connection: [WinError 10061] No connection could be made because the target machine actively refused it'))
2023-10-28 13:31:03,281 - ERROR - No data available
2023-10-28 13:31:07,345 - ERROR - Exception Occured HTTPConnectionPool(host='localhost', port=5000): Max retries exceeded with url: /ltm (Caused by NewConnectionError('<urllib3.connection.HTTPConnection object at 0x000001E45905CDD0>: Failed to establish a new connection: [WinError 10061] No connection could be made because the target machine actively refused it'))
2023-10-28 13:31:07,345 - ERROR - No data available
2023-10-28 13:31:11,406 - ERROR - Exception Occured HTTPConnectionPool(host='localhost', port=5000): Max retries exceeded with url: /ltm (Caused by NewConnectionError('<urllib3.connection.HTTPConnection object at 0x000001E45905C0D0>: Failed to establish a new connection: [WinError 10061] No connection could be made because the target machine actively refused it'))
2023-10-28 13:31:11,406 - ERROR - No data available
2023-10-28 13:31:15,486 - ERROR - Exception Occured HTTPConnectionPool(host='localhost', port=5000): Max retries exceeded with url: /ltm (Caused by NewConnectionError('<urllib3.connection.HTTPConnection object at 0x000001E459046490>: Failed to establish a new connection: [WinError 10061] No connection could be made because the target machine actively refused it'))
2023-10-28 13:31:15,486 - ERROR - No data available
