2023-10-25 17:08:10,167 - INFO - {'e': 'aggTrade', 'E': 1698233890540, 's': 'DOGEUSDT', 'a': 389247555, 'p': '0.06587000', 'q': '75007.00000000', 'f': 527287480, 'l': 527287484, 'T': 1698233890539, 'm': False, 'M': True}
2023-10-25 17:08:10,181 - INFO - {'e': 'aggTrade', 'E': 1698233890540, 's': 'DOGEUSDT', 'a': 389247555, 'p': '0.06587000', 'q': '75007.00000000', 'f': 527287480, 'l': 527287484, 'T': 1698233890539, 'm': False, 'M': True}
2023-10-25 17:08:12,226 - INFO - {'e': 'aggTrade', 'E': 1698233893087, 's': 'BTCUSDT', 'a': 2738158730, 'p': '34280.21000000', 'q': '0.00149000', 'f': 3256541267, 'l': 3256541267, 'T': 1698233893086, 'm': False, 'M': True}
2023-10-25 17:08:12,226 - INFO - {'e': 'aggTrade', 'E': 1698233893087, 's': 'BTCUSDT', 'a': 2738158730, 'p': '34280.21000000', 'q': '0.00149000', 'f': 3256541267, 'l': 3256541267, 'T': 1698233893086, 'm': False, 'M': True}
2023-10-25 17:08:14,283 - INFO - {'e': 'aggTrade', 'E': 1698233895137, 's': 'TRXUSDT', 'a': 178839270, 'p': '0.09329000', 'q': '235.30000000', 'f': 254718517, 'l': 254718517, 'T': 1698233895136, 'm': False, 'M': True}
2023-10-25 17:08:14,283 - INFO - {'e': 'aggTrade', 'E': 1698233895137, 's': 'TRXUSDT', 'a': 178839270, 'p': '0.09329000', 'q': '235.30000000', 'f': 254718517, 'l': 254718517, 'T': 1698233895136, 'm': False, 'M': True}
2023-10-25 17:08:16,332 - INFO - {'e': 'aggTrade', 'E': 1698233897124, 's': 'BTCUSDT', 'a': 2738158748, 'p': '34280.20000000', 'q': '0.44471000', 'f': 3256541300, 'l': 3256541301, 'T': 1698233897123, 'm': True, 'M': True}
2023-10-25 17:08:16,332 - INFO - {'e': 'aggTrade', 'E': 1698233897124, 's': 'BTCUSDT', 'a': 2738158748, 'p': '34280.20000000', 'q': '0.44471000', 'f': 3256541300, 'l': 3256541301, 'T': 1698233897123, 'm': True, 'M': True}
2023-10-25 17:08:18,378 - INFO - {'e': 'aggTrade', 'E': 1698233899127, 's': 'XRPUSDT', 'a': 396879275, 'p': '0.55120000', 'q': '1340.00000000', 'f': 559063603, 'l': 559063604, 'T': 1698233899126, 'm': True, 'M': True}
2023-10-25 17:08:18,378 - INFO - {'e': 'aggTrade', 'E': 1698233899127, 's': 'XRPUSDT', 'a': 396879275, 'p': '0.55120000', 'q': '1340.00000000', 'f': 559063603, 'l': 559063604, 'T': 1698233899126, 'm': True, 'M': True}
2023-10-25 17:08:20,441 - INFO - {'e': 'aggTrade', 'E': 1698233901207, 's': 'ETHUSDT', 'a': 947962397, 'p': '1784.97000000', 'q': '0.37500000', 'f': 1216857966, 'l': 1216857966, 'T': 1698233901206, 'm': False, 'M': True}
2023-10-25 17:08:20,442 - INFO - {'e': 'aggTrade', 'E': 1698233901207, 's': 'ETHUSDT', 'a': 947962397, 'p': '1784.97000000', 'q': '0.37500000', 'f': 1216857966, 'l': 1216857966, 'T': 1698233901206, 'm': False, 'M': True}
2023-10-25 17:08:22,497 - INFO - {'e': 'aggTrade', 'E': 1698233903308, 's': 'TRXUSDT', 'a': 178839277, 'p': '0.09328000', 'q': '367.00000000', 'f': 254718536, 'l': 254718538, 'T': 1698233903307, 'm': False, 'M': True}
2023-10-25 17:08:22,500 - INFO - {'e': 'aggTrade', 'E': 1698233903308, 's': 'TRXUSDT', 'a': 178839277, 'p': '0.09328000', 'q': '367.00000000', 'f': 254718536, 'l': 254718538, 'T': 1698233903307, 'm': False, 'M': True}
2023-10-25 17:08:24,563 - INFO - {'e': 'aggTrade', 'E': 1698233905316, 's': 'APTUSDT', 'a': 42911757, 'p': '6.37830000', 'q': '56.62000000', 'f': 48893881, 'l': 48893881, 'T': 1698233905316, 'm': True, 'M': True}
2023-10-25 17:08:24,563 - INFO - {'e': 'aggTrade', 'E': 1698233905316, 's': 'APTUSDT', 'a': 42911757, 'p': '6.37830000', 'q': '56.62000000', 'f': 48893881, 'l': 48893881, 'T': 1698233905316, 'm': True, 'M': True}
2023-10-25 17:08:26,612 - INFO - {'e': 'aggTrade', 'E': 1698233907316, 's': 'BTCUSDT', 'a': 2738158910, 'p': '34286.14000000', 'q': '0.11850000', 'f': 3256541487, 'l': 3256541488, 'T': 1698233907316, 'm': False, 'M': True}
2023-10-25 17:08:26,626 - INFO - {'e': 'aggTrade', 'E': 1698233907316, 's': 'BTCUSDT', 'a': 2738158910, 'p': '34286.14000000', 'q': '0.11850000', 'f': 3256541487, 'l': 3256541488, 'T': 1698233907316, 'm': False, 'M': True}
2023-10-25 17:08:28,678 - INFO - {'e': 'aggTrade', 'E': 1698233909507, 's': 'ETHUSDT', 'a': 947962470, 'p': '1785.90000000', 'q': '1.43550000', 'f': 1216858067, 'l': 1216858067, 'T': 1698233909506, 'm': False, 'M': True}
2023-10-25 17:08:28,678 - INFO - {'e': 'aggTrade', 'E': 1698233909507, 's': 'ETHUSDT', 'a': 947962470, 'p': '1785.90000000', 'q': '1.43550000', 'f': 1216858067, 'l': 1216858067, 'T': 1698233909506, 'm': False, 'M': True}
2023-10-25 17:08:30,723 - INFO - {'e': 'aggTrade', 'E': 1698233911587, 's': 'BTCUSDT', 'a': 2738158950, 'p': '34287.35000000', 'q': '0.00245000', 'f': 3256541532, 'l': 3256541532, 'T': 1698233911586, 'm': True, 'M': True}
2023-10-25 17:08:30,723 - INFO - {'e': 'aggTrade', 'E': 1698233911587, 's': 'BTCUSDT', 'a': 2738158950, 'p': '34287.35000000', 'q': '0.00245000', 'f': 3256541532, 'l': 3256541532, 'T': 1698233911586, 'm': True, 'M': True}
2023-10-25 17:08:32,782 - INFO - {'e': 'aggTrade', 'E': 1698233913663, 's': 'BTCUSDT', 'a': 2738158961, 'p': '34287.35000000', 'q': '0.00089000', 'f': 3256541546, 'l': 3256541546, 'T': 1698233913662, 'm': True, 'M': True}
2023-10-25 17:08:32,784 - INFO - {'e': 'aggTrade', 'E': 1698233913663, 's': 'BTCUSDT', 'a': 2738158961, 'p': '34287.35000000', 'q': '0.00089000', 'f': 3256541546, 'l': 3256541546, 'T': 1698233913662, 'm': True, 'M': True}
2023-10-25 17:08:34,836 - INFO - {'e': 'aggTrade', 'E': 1698233915271, 's': 'BTCUSDT', 'a': 2738158972, 'p': '34287.35000000', 'q': '0.00267000', 'f': 3256541557, 'l': 3256541557, 'T': 1698233915271, 'm': True, 'M': True}
2023-10-25 17:08:34,838 - INFO - {'e': 'aggTrade', 'E': 1698233915271, 's': 'BTCUSDT', 'a': 2738158972, 'p': '34287.35000000', 'q': '0.00267000', 'f': 3256541557, 'l': 3256541557, 'T': 1698233915271, 'm': True, 'M': True}
2023-10-25 17:08:36,894 - INFO - {'e': 'aggTrade', 'E': 1698233917722, 's': 'BTCUSDT', 'a': 2738158977, 'p': '34287.36000000', 'q': '0.41766000', 'f': 3256541562, 'l': 3256541566, 'T': 1698233917721, 'm': False, 'M': True}
2023-10-25 17:08:36,894 - INFO - {'e': 'aggTrade', 'E': 1698233917722, 's': 'BTCUSDT', 'a': 2738158977, 'p': '34287.36000000', 'q': '0.41766000', 'f': 3256541562, 'l': 3256541566, 'T': 1698233917721, 'm': False, 'M': True}
2023-10-25 17:08:38,944 - INFO - {'e': 'aggTrade', 'E': 1698233919763, 's': 'ETHUSDT', 'a': 947962498, 'p': '1786.15000000', 'q': '0.49700000', 'f': 1216858099, 'l': 1216858099, 'T': 1698233919762, 'm': False, 'M': True}
2023-10-25 17:08:38,945 - INFO - {'e': 'aggTrade', 'E': 1698233919763, 's': 'ETHUSDT', 'a': 947962498, 'p': '1786.15000000', 'q': '0.49700000', 'f': 1216858099, 'l': 1216858099, 'T': 1698233919762, 'm': False, 'M': True}
2023-10-25 17:08:40,996 - INFO - {'e': 'aggTrade', 'E': 1698233921871, 's': 'ETHUSDT', 'a': 947962501, 'p': '1786.15000000', 'q': '0.49700000', 'f': 1216858102, 'l': 1216858102, 'T': 1698233921871, 'm': False, 'M': True}
2023-10-25 17:08:40,998 - INFO - {'e': 'aggTrade', 'E': 1698233921871, 's': 'ETHUSDT', 'a': 947962501, 'p': '1786.15000000', 'q': '0.49700000', 'f': 1216858102, 'l': 1216858102, 'T': 1698233921871, 'm': False, 'M': True}
2023-10-25 17:08:43,043 - INFO - {'e': 'aggTrade', 'E': 1698233923924, 's': 'DOGEUSDT', 'a': 389247567, 'p': '0.06590000', 'q': '156.00000000', 'f': 527287502, 'l': 527287502, 'T': 1698233923923, 'm': True, 'M': True}
2023-10-25 17:08:43,053 - INFO - {'e': 'aggTrade', 'E': 1698233923924, 's': 'DOGEUSDT', 'a': 389247567, 'p': '0.06590000', 'q': '156.00000000', 'f': 527287502, 'l': 527287502, 'T': 1698233923923, 'm': True, 'M': True}
2023-10-25 17:08:45,100 - INFO - {'e': 'aggTrade', 'E': 1698233925532, 's': 'TRXUSDT', 'a': 178839292, 'p': '0.09330000', 'q': '1595.90000000', 'f': 254718563, 'l': 254718563, 'T': 1698233925531, 'm': False, 'M': True}
2023-10-25 17:08:45,100 - INFO - {'e': 'aggTrade', 'E': 1698233925532, 's': 'TRXUSDT', 'a': 178839292, 'p': '0.09330000', 'q': '1595.90000000', 'f': 254718563, 'l': 254718563, 'T': 1698233925531, 'm': False, 'M': True}
2023-10-25 17:08:47,175 - INFO - {'e': 'aggTrade', 'E': 1698233928041, 's': 'DOGEUSDT', 'a': 389247572, 'p': '0.06589000', 'q': '400.00000000', 'f': 527287507, 'l': 527287507, 'T': 1698233928040, 'm': False, 'M': True}
2023-10-25 17:08:47,175 - INFO - {'e': 'aggTrade', 'E': 1698233928041, 's': 'DOGEUSDT', 'a': 389247572, 'p': '0.06589000', 'q': '400.00000000', 'f': 527287507, 'l': 527287507, 'T': 1698233928040, 'm': False, 'M': True}
2023-10-25 17:08:49,229 - INFO - {'e': 'aggTrade', 'E': 1698233930091, 's': 'BTCUSDT', 'a': 2738159112, 'p': '34274.82000000', 'q': '0.00759000', 'f': 3256541735, 'l': 3256541735, 'T': 1698233930091, 'm': False, 'M': True}
2023-10-25 17:08:49,231 - INFO - {'e': 'aggTrade', 'E': 1698233930091, 's': 'BTCUSDT', 'a': 2738159112, 'p': '34274.82000000', 'q': '0.00759000', 'f': 3256541735, 'l': 3256541735, 'T': 1698233930091, 'm': False, 'M': True}
2023-10-25 17:08:51,300 - INFO - {'e': 'aggTrade', 'E': 1698233932046, 's': 'BTCUSDT', 'a': 2738159119, 'p': '34274.81000000', 'q': '0.00291000', 'f': 3256541743, 'l': 3256541743, 'T': 1698233932046, 'm': True, 'M': True}
2023-10-25 17:08:51,300 - INFO - {'e': 'aggTrade', 'E': 1698233932046, 's': 'BTCUSDT', 'a': 2738159119, 'p': '34274.81000000', 'q': '0.00291000', 'f': 3256541743, 'l': 3256541743, 'T': 1698233932046, 'm': True, 'M': True}
2023-10-25 17:08:53,349 - INFO - {'e': 'aggTrade', 'E': 1698233933532, 's': 'ETHUSDT', 'a': 947962555, 'p': '1785.52000000', 'q': '0.02190000', 'f': 1216858173, 'l': 1216858173, 'T': 1698233933531, 'm': True, 'M': True}
2023-10-25 17:08:53,349 - INFO - {'e': 'aggTrade', 'E': 1698233933532, 's': 'ETHUSDT', 'a': 947962555, 'p': '1785.52000000', 'q': '0.02190000', 'f': 1216858173, 'l': 1216858173, 'T': 1698233933531, 'm': True, 'M': True}
2023-10-25 17:08:55,391 - INFO - {'e': 'aggTrade', 'E': 1698233936147, 's': 'DOTUSDT', 'a': 221887072, 'p': '4.21200000', 'q': '4.98000000', 'f': 323504165, 'l': 323504165, 'T': 1698233936146, 'm': True, 'M': True}
2023-10-25 17:08:55,391 - INFO - {'e': 'aggTrade', 'E': 1698233936147, 's': 'DOTUSDT', 'a': 221887072, 'p': '4.21200000', 'q': '4.98000000', 'f': 323504165, 'l': 323504165, 'T': 1698233936146, 'm': True, 'M': True}
2023-10-25 17:08:57,424 - INFO - {'e': 'aggTrade', 'E': 1698233938049, 's': 'BTCUSDT', 'a': 2738159138, 'p': '34274.81000000', 'q': '0.00041000', 'f': 3256541764, 'l': 3256541764, 'T': 1698233938049, 'm': True, 'M': True}
2023-10-25 17:08:57,424 - INFO - {'e': 'aggTrade', 'E': 1698233938049, 's': 'BTCUSDT', 'a': 2738159138, 'p': '34274.81000000', 'q': '0.00041000', 'f': 3256541764, 'l': 3256541764, 'T': 1698233938049, 'm': True, 'M': True}
2023-10-25 17:08:59,471 - INFO - {'e': 'aggTrade', 'E': 1698233940265, 's': 'BTCUSDT', 'a': 2738159264, 'p': '34278.74000000', 'q': '0.01167000', 'f': 3256541903, 'l': 3256541903, 'T': 1698233940265, 'm': True, 'M': True}
2023-10-25 17:08:59,471 - INFO - {'e': 'aggTrade', 'E': 1698233940265, 's': 'BTCUSDT', 'a': 2738159264, 'p': '34278.74000000', 'q': '0.01167000', 'f': 3256541903, 'l': 3256541903, 'T': 1698233940265, 'm': True, 'M': True}
2023-10-25 17:09:01,539 - INFO - {'e': 'aggTrade', 'E': 1698233942372, 's': 'BTCUSDT', 'a': 2738159271, 'p': '34278.74000000', 'q': '0.00173000', 'f': 3256541910, 'l': 3256541910, 'T': 1698233942372, 'm': True, 'M': True}
2023-10-25 17:09:01,539 - INFO - {'e': 'aggTrade', 'E': 1698233942372, 's': 'BTCUSDT', 'a': 2738159271, 'p': '34278.74000000', 'q': '0.00173000', 'f': 3256541910, 'l': 3256541910, 'T': 1698233942372, 'm': True, 'M': True}
2023-10-25 17:09:03,606 - INFO - {'e': 'aggTrade', 'E': 1698233944464, 's': 'ETHUSDT', 'a': 947962666, 'p': '1785.70000000', 'q': '0.00680000', 'f': 1216858293, 'l': 1216858293, 'T': 1698233944463, 'm': False, 'M': True}
2023-10-25 17:09:03,606 - INFO - {'e': 'aggTrade', 'E': 1698233944464, 's': 'ETHUSDT', 'a': 947962666, 'p': '1785.70000000', 'q': '0.00680000', 'f': 1216858293, 'l': 1216858293, 'T': 1698233944463, 'm': False, 'M': True}
2023-10-25 17:09:05,688 - INFO - {'e': 'aggTrade', 'E': 1698233946504, 's': 'BTCUSDT', 'a': 2738159289, 'p': '34278.74000000', 'q': '0.00291000', 'f': 3256541932, 'l': 3256541932, 'T': 1698233946503, 'm': True, 'M': True}
2023-10-25 17:09:05,688 - INFO - {'e': 'aggTrade', 'E': 1698233946504, 's': 'BTCUSDT', 'a': 2738159289, 'p': '34278.74000000', 'q': '0.00291000', 'f': 3256541932, 'l': 3256541932, 'T': 1698233946503, 'm': True, 'M': True}
2023-10-25 17:09:07,751 - INFO - {'e': 'aggTrade', 'E': 1698233948591, 's': 'BTCUSDT', 'a': 2738159296, 'p': '34278.74000000', 'q': '0.24494000', 'f': 3256541939, 'l': 3256541939, 'T': 1698233948591, 'm': True, 'M': True}
2023-10-25 17:09:07,751 - INFO - {'e': 'aggTrade', 'E': 1698233948591, 's': 'BTCUSDT', 'a': 2738159296, 'p': '34278.74000000', 'q': '0.24494000', 'f': 3256541939, 'l': 3256541939, 'T': 1698233948591, 'm': True, 'M': True}
2023-10-25 17:09:09,829 - INFO - {'e': 'aggTrade', 'E': 1698233950568, 's': 'BTCUSDT', 'a': 2738159347, 'p': '34283.91000000', 'q': '0.01777000', 'f': 3256541999, 'l': 3256541999, 'T': 1698233950568, 'm': True, 'M': True}
2023-10-25 17:09:09,829 - INFO - {'e': 'aggTrade', 'E': 1698233950568, 's': 'BTCUSDT', 'a': 2738159347, 'p': '34283.91000000', 'q': '0.01777000', 'f': 3256541999, 'l': 3256541999, 'T': 1698233950568, 'm': True, 'M': True}
2023-10-25 17:09:11,914 - INFO - {'e': 'aggTrade', 'E': 1698233952780, 's': 'BTCUSDT', 'a': 2738159358, 'p': '34284.72000000', 'q': '0.00611000', 'f': 3256542012, 'l': 3256542013, 'T': 1698233952779, 'm': True, 'M': True}
2023-10-25 17:09:11,919 - INFO - {'e': 'aggTrade', 'E': 1698233952780, 's': 'BTCUSDT', 'a': 2738159358, 'p': '34284.72000000', 'q': '0.00611000', 'f': 3256542012, 'l': 3256542013, 'T': 1698233952779, 'm': True, 'M': True}
2023-10-25 17:09:13,984 - INFO - {'e': 'aggTrade', 'E': 1698233954860, 's': 'BTCUSDT', 'a': 2738159369, 'p': '34283.91000000', 'q': '0.27236000', 'f': 3256542030, 'l': 3256542038, 'T': 1698233954859, 'm': True, 'M': True}
2023-10-25 17:09:13,984 - INFO - {'e': 'aggTrade', 'E': 1698233954860, 's': 'BTCUSDT', 'a': 2738159369, 'p': '34283.91000000', 'q': '0.27236000', 'f': 3256542030, 'l': 3256542038, 'T': 1698233954859, 'm': True, 'M': True}
2023-10-25 17:09:16,060 - INFO - {'e': 'aggTrade', 'E': 1698233956924, 's': 'BTCUSDT', 'a': 2738159403, 'p': '34281.34000000', 'q': '0.00134000', 'f': 3256542073, 'l': 3256542073, 'T': 1698233956924, 'm': True, 'M': True}
2023-10-25 17:09:16,064 - INFO - {'e': 'aggTrade', 'E': 1698233956924, 's': 'BTCUSDT', 'a': 2738159403, 'p': '34281.34000000', 'q': '0.00134000', 'f': 3256542073, 'l': 3256542073, 'T': 1698233956924, 'm': True, 'M': True}
2023-10-25 17:09:18,133 - INFO - {'e': 'aggTrade', 'E': 1698233958720, 's': 'ETHUSDT', 'a': 947962724, 'p': '1786.05000000', 'q': '0.08780000', 'f': 1216858360, 'l': 1216858360, 'T': 1698233958719, 'm': True, 'M': True}
2023-10-25 17:09:18,135 - INFO - {'e': 'aggTrade', 'E': 1698233958720, 's': 'ETHUSDT', 'a': 947962724, 'p': '1786.05000000', 'q': '0.08780000', 'f': 1216858360, 'l': 1216858360, 'T': 1698233958719, 'm': True, 'M': True}
2023-10-25 17:09:20,202 - INFO - {'e': 'aggTrade', 'E': 1698233961043, 's': 'BTCUSDT', 'a': 2738159444, 'p': '34283.15000000', 'q': '0.00069000', 'f': 3256542121, 'l': 3256542121, 'T': 1698233961043, 'm': True, 'M': True}
2023-10-25 17:09:20,202 - INFO - {'e': 'aggTrade', 'E': 1698233961043, 's': 'BTCUSDT', 'a': 2738159444, 'p': '34283.15000000', 'q': '0.00069000', 'f': 3256542121, 'l': 3256542121, 'T': 1698233961043, 'm': True, 'M': True}
2023-10-25 17:09:22,265 - INFO - {'e': 'aggTrade', 'E': 1698233963108, 's': 'BTCUSDT', 'a': 2738159485, 'p': '34283.16000000', 'q': '0.00070000', 'f': 3256542165, 'l': 3256542165, 'T': 1698233963107, 'm': False, 'M': True}
2023-10-25 17:09:22,265 - INFO - {'e': 'aggTrade', 'E': 1698233963108, 's': 'BTCUSDT', 'a': 2738159485, 'p': '34283.16000000', 'q': '0.00070000', 'f': 3256542165, 'l': 3256542165, 'T': 1698233963107, 'm': False, 'M': True}
2023-10-25 17:09:24,331 - INFO - {'e': 'aggTrade', 'E': 1698233965180, 's': 'BTCUSDT', 'a': 2738159505, 'p': '34283.16000000', 'q': '0.00030000', 'f': 3256542188, 'l': 3256542188, 'T': 1698233965179, 'm': False, 'M': True}
2023-10-25 17:09:24,331 - INFO - {'e': 'aggTrade', 'E': 1698233965180, 's': 'BTCUSDT', 'a': 2738159505, 'p': '34283.16000000', 'q': '0.00030000', 'f': 3256542188, 'l': 3256542188, 'T': 1698233965179, 'm': False, 'M': True}
2023-10-25 17:09:26,363 - INFO - {'e': 'aggTrade', 'E': 1698233966973, 's': 'XRPUSDT', 'a': 396879351, 'p': '0.55130000', 'q': '10000.00000000', 'f': 559063737, 'l': 559063744, 'T': 1698233966972, 'm': True, 'M': True}
2023-10-25 17:09:26,365 - INFO - {'e': 'aggTrade', 'E': 1698233966973, 's': 'XRPUSDT', 'a': 396879351, 'p': '0.55130000', 'q': '10000.00000000', 'f': 559063737, 'l': 559063744, 'T': 1698233966972, 'm': True, 'M': True}
2023-10-25 17:09:28,414 - INFO - {'e': 'aggTrade', 'E': 1698233969169, 's': 'BTCUSDT', 'a': 2738159547, 'p': '34279.80000000', 'q': '0.00109000', 'f': 3256542252, 'l': 3256542252, 'T': 1698233969168, 'm': True, 'M': True}
2023-10-25 17:09:28,414 - INFO - {'e': 'aggTrade', 'E': 1698233969169, 's': 'BTCUSDT', 'a': 2738159547, 'p': '34279.80000000', 'q': '0.00109000', 'f': 3256542252, 'l': 3256542252, 'T': 1698233969168, 'm': True, 'M': True}
2023-10-25 17:09:30,466 - INFO - {'e': 'aggTrade', 'E': 1698233971273, 's': 'ETHUSDT', 'a': 947962831, 'p': '1785.68000000', 'q': '0.00910000', 'f': 1216858480, 'l': 1216858480, 'T': 1698233971272, 'm': True, 'M': True}
2023-10-25 17:09:30,466 - INFO - {'e': 'aggTrade', 'E': 1698233971273, 's': 'ETHUSDT', 'a': 947962831, 'p': '1785.68000000', 'q': '0.00910000', 'f': 1216858480, 'l': 1216858480, 'T': 1698233971272, 'm': True, 'M': True}
2023-10-25 17:09:32,513 - INFO - {'e': 'aggTrade', 'E': 1698233972307, 's': 'DOGEUSDT', 'a': 389247589, 'p': '0.06590000', 'q': '400.00000000', 'f': 527287549, 'l': 527287549, 'T': 1698233972307, 'm': True, 'M': True}
2023-10-25 17:09:32,515 - INFO - {'e': 'aggTrade', 'E': 1698233972307, 's': 'DOGEUSDT', 'a': 389247589, 'p': '0.06590000', 'q': '400.00000000', 'f': 527287549, 'l': 527287549, 'T': 1698233972307, 'm': True, 'M': True}
2023-10-25 17:09:34,540 - INFO - {'e': 'aggTrade', 'E': 1698233972307, 's': 'DOGEUSDT', 'a': 389247589, 'p': '0.06590000', 'q': '400.00000000', 'f': 527287549, 'l': 527287549, 'T': 1698233972307, 'm': True, 'M': True}
2023-10-25 17:09:34,542 - INFO - {'e': 'aggTrade', 'E': 1698233972307, 's': 'DOGEUSDT', 'a': 389247589, 'p': '0.06590000', 'q': '400.00000000', 'f': 527287549, 'l': 527287549, 'T': 1698233972307, 'm': True, 'M': True}
2023-10-25 17:09:36,611 - INFO - {'e': 'aggTrade', 'E': 1698233972307, 's': 'DOGEUSDT', 'a': 389247589, 'p': '0.06590000', 'q': '400.00000000', 'f': 527287549, 'l': 527287549, 'T': 1698233972307, 'm': True, 'M': True}
2023-10-25 17:09:36,614 - INFO - {'e': 'aggTrade', 'E': 1698233972307, 's': 'DOGEUSDT', 'a': 389247589, 'p': '0.06590000', 'q': '400.00000000', 'f': 527287549, 'l': 527287549, 'T': 1698233972307, 'm': True, 'M': True}
2023-10-25 17:09:38,695 - INFO - {'e': 'aggTrade', 'E': 1698233972307, 's': 'DOGEUSDT', 'a': 389247589, 'p': '0.06590000', 'q': '400.00000000', 'f': 527287549, 'l': 527287549, 'T': 1698233972307, 'm': True, 'M': True}
2023-10-25 17:09:38,702 - INFO - {'e': 'aggTrade', 'E': 1698233972307, 's': 'DOGEUSDT', 'a': 389247589, 'p': '0.06590000', 'q': '400.00000000', 'f': 527287549, 'l': 527287549, 'T': 1698233972307, 'm': True, 'M': True}
2023-10-25 17:09:40,760 - INFO - {'e': 'aggTrade', 'E': 1698233972307, 's': 'DOGEUSDT', 'a': 389247589, 'p': '0.06590000', 'q': '400.00000000', 'f': 527287549, 'l': 527287549, 'T': 1698233972307, 'm': True, 'M': True}
2023-10-25 17:09:40,765 - INFO - {'e': 'aggTrade', 'E': 1698233972307, 's': 'DOGEUSDT', 'a': 389247589, 'p': '0.06590000', 'q': '400.00000000', 'f': 527287549, 'l': 527287549, 'T': 1698233972307, 'm': True, 'M': True}
2023-10-25 17:09:42,810 - INFO - {'e': 'aggTrade', 'E': 1698233972307, 's': 'DOGEUSDT', 'a': 389247589, 'p': '0.06590000', 'q': '400.00000000', 'f': 527287549, 'l': 527287549, 'T': 1698233972307, 'm': True, 'M': True}
2023-10-25 17:09:42,810 - INFO - {'e': 'aggTrade', 'E': 1698233972307, 's': 'DOGEUSDT', 'a': 389247589, 'p': '0.06590000', 'q': '400.00000000', 'f': 527287549, 'l': 527287549, 'T': 1698233972307, 'm': True, 'M': True}
2023-10-25 17:09:44,863 - INFO - {'e': 'aggTrade', 'E': 1698233972307, 's': 'DOGEUSDT', 'a': 389247589, 'p': '0.06590000', 'q': '400.00000000', 'f': 527287549, 'l': 527287549, 'T': 1698233972307, 'm': True, 'M': True}
2023-10-25 17:09:44,863 - INFO - {'e': 'aggTrade', 'E': 1698233972307, 's': 'DOGEUSDT', 'a': 389247589, 'p': '0.06590000', 'q': '400.00000000', 'f': 527287549, 'l': 527287549, 'T': 1698233972307, 'm': True, 'M': True}
2023-10-25 17:09:46,909 - INFO - {'e': 'aggTrade', 'E': 1698233972307, 's': 'DOGEUSDT', 'a': 389247589, 'p': '0.06590000', 'q': '400.00000000', 'f': 527287549, 'l': 527287549, 'T': 1698233972307, 'm': True, 'M': True}
2023-10-25 17:09:46,910 - INFO - {'e': 'aggTrade', 'E': 1698233972307, 's': 'DOGEUSDT', 'a': 389247589, 'p': '0.06590000', 'q': '400.00000000', 'f': 527287549, 'l': 527287549, 'T': 1698233972307, 'm': True, 'M': True}
2023-10-25 17:09:48,971 - INFO - {'e': 'aggTrade', 'E': 1698233972307, 's': 'DOGEUSDT', 'a': 389247589, 'p': '0.06590000', 'q': '400.00000000', 'f': 527287549, 'l': 527287549, 'T': 1698233972307, 'm': True, 'M': True}
2023-10-25 17:09:48,971 - INFO - {'e': 'aggTrade', 'E': 1698233972307, 's': 'DOGEUSDT', 'a': 389247589, 'p': '0.06590000', 'q': '400.00000000', 'f': 527287549, 'l': 527287549, 'T': 1698233972307, 'm': True, 'M': True}
2023-10-25 17:09:51,029 - INFO - {'e': 'aggTrade', 'E': 1698233972307, 's': 'DOGEUSDT', 'a': 389247589, 'p': '0.06590000', 'q': '400.00000000', 'f': 527287549, 'l': 527287549, 'T': 1698233972307, 'm': True, 'M': True}
2023-10-25 17:09:51,033 - INFO - {'e': 'aggTrade', 'E': 1698233972307, 's': 'DOGEUSDT', 'a': 389247589, 'p': '0.06590000', 'q': '400.00000000', 'f': 527287549, 'l': 527287549, 'T': 1698233972307, 'm': True, 'M': True}
2023-10-25 17:09:53,103 - INFO - {'e': 'aggTrade', 'E': 1698233972307, 's': 'DOGEUSDT', 'a': 389247589, 'p': '0.06590000', 'q': '400.00000000', 'f': 527287549, 'l': 527287549, 'T': 1698233972307, 'm': True, 'M': True}
2023-10-25 17:09:53,108 - INFO - {'e': 'aggTrade', 'E': 1698233972307, 's': 'DOGEUSDT', 'a': 389247589, 'p': '0.06590000', 'q': '400.00000000', 'f': 527287549, 'l': 527287549, 'T': 1698233972307, 'm': True, 'M': True}
2023-10-25 17:09:55,154 - INFO - {'e': 'aggTrade', 'E': 1698233972307, 's': 'DOGEUSDT', 'a': 389247589, 'p': '0.06590000', 'q': '400.00000000', 'f': 527287549, 'l': 527287549, 'T': 1698233972307, 'm': True, 'M': True}
2023-10-25 17:09:55,154 - INFO - {'e': 'aggTrade', 'E': 1698233972307, 's': 'DOGEUSDT', 'a': 389247589, 'p': '0.06590000', 'q': '400.00000000', 'f': 527287549, 'l': 527287549, 'T': 1698233972307, 'm': True, 'M': True}
2023-10-25 17:09:57,205 - INFO - {'e': 'aggTrade', 'E': 1698233972307, 's': 'DOGEUSDT', 'a': 389247589, 'p': '0.06590000', 'q': '400.00000000', 'f': 527287549, 'l': 527287549, 'T': 1698233972307, 'm': True, 'M': True}
2023-10-25 17:09:57,205 - INFO - {'e': 'aggTrade', 'E': 1698233972307, 's': 'DOGEUSDT', 'a': 389247589, 'p': '0.06590000', 'q': '400.00000000', 'f': 527287549, 'l': 527287549, 'T': 1698233972307, 'm': True, 'M': True}
2023-10-25 17:09:59,270 - INFO - {'e': 'aggTrade', 'E': 1698233972307, 's': 'DOGEUSDT', 'a': 389247589, 'p': '0.06590000', 'q': '400.00000000', 'f': 527287549, 'l': 527287549, 'T': 1698233972307, 'm': True, 'M': True}
2023-10-25 17:09:59,270 - INFO - {'e': 'aggTrade', 'E': 1698233972307, 's': 'DOGEUSDT', 'a': 389247589, 'p': '0.06590000', 'q': '400.00000000', 'f': 527287549, 'l': 527287549, 'T': 1698233972307, 'm': True, 'M': True}
2023-10-25 17:10:01,304 - INFO - {'e': 'aggTrade', 'E': 1698233972307, 's': 'DOGEUSDT', 'a': 389247589, 'p': '0.06590000', 'q': '400.00000000', 'f': 527287549, 'l': 527287549, 'T': 1698233972307, 'm': True, 'M': True}
2023-10-25 17:10:01,304 - INFO - {'e': 'aggTrade', 'E': 1698233972307, 's': 'DOGEUSDT', 'a': 389247589, 'p': '0.06590000', 'q': '400.00000000', 'f': 527287549, 'l': 527287549, 'T': 1698233972307, 'm': True, 'M': True}
2023-10-25 17:10:03,359 - INFO - {'e': 'aggTrade', 'E': 1698233972307, 's': 'DOGEUSDT', 'a': 389247589, 'p': '0.06590000', 'q': '400.00000000', 'f': 527287549, 'l': 527287549, 'T': 1698233972307, 'm': True, 'M': True}
2023-10-25 17:10:03,363 - INFO - {'e': 'aggTrade', 'E': 1698233972307, 's': 'DOGEUSDT', 'a': 389247589, 'p': '0.06590000', 'q': '400.00000000', 'f': 527287549, 'l': 527287549, 'T': 1698233972307, 'm': True, 'M': True}
2023-10-25 17:10:05,425 - INFO - {'e': 'aggTrade', 'E': 1698233972307, 's': 'DOGEUSDT', 'a': 389247589, 'p': '0.06590000', 'q': '400.00000000', 'f': 527287549, 'l': 527287549, 'T': 1698233972307, 'm': True, 'M': True}
2023-10-25 17:10:05,426 - INFO - {'e': 'aggTrade', 'E': 1698233972307, 's': 'DOGEUSDT', 'a': 389247589, 'p': '0.06590000', 'q': '400.00000000', 'f': 527287549, 'l': 527287549, 'T': 1698233972307, 'm': True, 'M': True}
2023-10-25 17:10:07,470 - INFO - {'e': 'aggTrade', 'E': 1698233972307, 's': 'DOGEUSDT', 'a': 389247589, 'p': '0.06590000', 'q': '400.00000000', 'f': 527287549, 'l': 527287549, 'T': 1698233972307, 'm': True, 'M': True}
2023-10-25 17:10:07,475 - INFO - {'e': 'aggTrade', 'E': 1698233972307, 's': 'DOGEUSDT', 'a': 389247589, 'p': '0.06590000', 'q': '400.00000000', 'f': 527287549, 'l': 527287549, 'T': 1698233972307, 'm': True, 'M': True}
2023-10-25 17:10:09,516 - INFO - {'e': 'aggTrade', 'E': 1698233972307, 's': 'DOGEUSDT', 'a': 389247589, 'p': '0.06590000', 'q': '400.00000000', 'f': 527287549, 'l': 527287549, 'T': 1698233972307, 'm': True, 'M': True}
2023-10-25 17:10:09,519 - INFO - {'e': 'aggTrade', 'E': 1698233972307, 's': 'DOGEUSDT', 'a': 389247589, 'p': '0.06590000', 'q': '400.00000000', 'f': 527287549, 'l': 527287549, 'T': 1698233972307, 'm': True, 'M': True}
2023-10-25 17:10:11,578 - INFO - {'e': 'aggTrade', 'E': 1698233972307, 's': 'DOGEUSDT', 'a': 389247589, 'p': '0.06590000', 'q': '400.00000000', 'f': 527287549, 'l': 527287549, 'T': 1698233972307, 'm': True, 'M': True}
2023-10-25 17:10:11,580 - INFO - {'e': 'aggTrade', 'E': 1698233972307, 's': 'DOGEUSDT', 'a': 389247589, 'p': '0.06590000', 'q': '400.00000000', 'f': 527287549, 'l': 527287549, 'T': 1698233972307, 'm': True, 'M': True}
2023-10-25 17:10:13,664 - INFO - {'e': 'aggTrade', 'E': 1698233972307, 's': 'DOGEUSDT', 'a': 389247589, 'p': '0.06590000', 'q': '400.00000000', 'f': 527287549, 'l': 527287549, 'T': 1698233972307, 'm': True, 'M': True}
2023-10-25 17:10:13,664 - INFO - {'e': 'aggTrade', 'E': 1698233972307, 's': 'DOGEUSDT', 'a': 389247589, 'p': '0.06590000', 'q': '400.00000000', 'f': 527287549, 'l': 527287549, 'T': 1698233972307, 'm': True, 'M': True}
2023-10-25 17:10:15,764 - INFO - {'e': 'aggTrade', 'E': 1698233972307, 's': 'DOGEUSDT', 'a': 389247589, 'p': '0.06590000', 'q': '400.00000000', 'f': 527287549, 'l': 527287549, 'T': 1698233972307, 'm': True, 'M': True}
2023-10-25 17:10:15,764 - INFO - {'e': 'aggTrade', 'E': 1698233972307, 's': 'DOGEUSDT', 'a': 389247589, 'p': '0.06590000', 'q': '400.00000000', 'f': 527287549, 'l': 527287549, 'T': 1698233972307, 'm': True, 'M': True}
2023-10-25 17:10:17,854 - INFO - {'e': 'aggTrade', 'E': 1698233972307, 's': 'DOGEUSDT', 'a': 389247589, 'p': '0.06590000', 'q': '400.00000000', 'f': 527287549, 'l': 527287549, 'T': 1698233972307, 'm': True, 'M': True}
2023-10-25 17:10:17,859 - INFO - {'e': 'aggTrade', 'E': 1698233972307, 's': 'DOGEUSDT', 'a': 389247589, 'p': '0.06590000', 'q': '400.00000000', 'f': 527287549, 'l': 527287549, 'T': 1698233972307, 'm': True, 'M': True}
2023-10-25 17:10:19,938 - INFO - {'e': 'aggTrade', 'E': 1698233972307, 's': 'DOGEUSDT', 'a': 389247589, 'p': '0.06590000', 'q': '400.00000000', 'f': 527287549, 'l': 527287549, 'T': 1698233972307, 'm': True, 'M': True}
2023-10-25 17:10:19,939 - INFO - {'e': 'aggTrade', 'E': 1698233972307, 's': 'DOGEUSDT', 'a': 389247589, 'p': '0.06590000', 'q': '400.00000000', 'f': 527287549, 'l': 527287549, 'T': 1698233972307, 'm': True, 'M': True}
2023-10-25 17:10:22,003 - INFO - {'e': 'aggTrade', 'E': 1698233972307, 's': 'DOGEUSDT', 'a': 389247589, 'p': '0.06590000', 'q': '400.00000000', 'f': 527287549, 'l': 527287549, 'T': 1698233972307, 'm': True, 'M': True}
2023-10-25 17:10:22,003 - INFO - {'e': 'aggTrade', 'E': 1698233972307, 's': 'DOGEUSDT', 'a': 389247589, 'p': '0.06590000', 'q': '400.00000000', 'f': 527287549, 'l': 527287549, 'T': 1698233972307, 'm': True, 'M': True}
2023-10-25 17:10:24,086 - INFO - {'e': 'aggTrade', 'E': 1698233972307, 's': 'DOGEUSDT', 'a': 389247589, 'p': '0.06590000', 'q': '400.00000000', 'f': 527287549, 'l': 527287549, 'T': 1698233972307, 'm': True, 'M': True}
2023-10-25 17:10:24,086 - INFO - {'e': 'aggTrade', 'E': 1698233972307, 's': 'DOGEUSDT', 'a': 389247589, 'p': '0.06590000', 'q': '400.00000000', 'f': 527287549, 'l': 527287549, 'T': 1698233972307, 'm': True, 'M': True}
2023-10-25 17:10:26,167 - INFO - {'e': 'aggTrade', 'E': 1698233972307, 's': 'DOGEUSDT', 'a': 389247589, 'p': '0.06590000', 'q': '400.00000000', 'f': 527287549, 'l': 527287549, 'T': 1698233972307, 'm': True, 'M': True}
2023-10-25 17:10:26,167 - INFO - {'e': 'aggTrade', 'E': 1698233972307, 's': 'DOGEUSDT', 'a': 389247589, 'p': '0.06590000', 'q': '400.00000000', 'f': 527287549, 'l': 527287549, 'T': 1698233972307, 'm': True, 'M': True}
2023-10-25 17:10:28,250 - INFO - {'e': 'aggTrade', 'E': 1698233972307, 's': 'DOGEUSDT', 'a': 389247589, 'p': '0.06590000', 'q': '400.00000000', 'f': 527287549, 'l': 527287549, 'T': 1698233972307, 'm': True, 'M': True}
2023-10-25 17:10:28,250 - INFO - {'e': 'aggTrade', 'E': 1698233972307, 's': 'DOGEUSDT', 'a': 389247589, 'p': '0.06590000', 'q': '400.00000000', 'f': 527287549, 'l': 527287549, 'T': 1698233972307, 'm': True, 'M': True}
2023-10-25 17:10:30,335 - INFO - {'e': 'aggTrade', 'E': 1698233972307, 's': 'DOGEUSDT', 'a': 389247589, 'p': '0.06590000', 'q': '400.00000000', 'f': 527287549, 'l': 527287549, 'T': 1698233972307, 'm': True, 'M': True}
2023-10-25 17:10:30,335 - INFO - {'e': 'aggTrade', 'E': 1698233972307, 's': 'DOGEUSDT', 'a': 389247589, 'p': '0.06590000', 'q': '400.00000000', 'f': 527287549, 'l': 527287549, 'T': 1698233972307, 'm': True, 'M': True}
2023-10-25 17:10:32,397 - INFO - {'e': 'aggTrade', 'E': 1698233972307, 's': 'DOGEUSDT', 'a': 389247589, 'p': '0.06590000', 'q': '400.00000000', 'f': 527287549, 'l': 527287549, 'T': 1698233972307, 'm': True, 'M': True}
2023-10-25 17:10:32,398 - INFO - {'e': 'aggTrade', 'E': 1698233972307, 's': 'DOGEUSDT', 'a': 389247589, 'p': '0.06590000', 'q': '400.00000000', 'f': 527287549, 'l': 527287549, 'T': 1698233972307, 'm': True, 'M': True}
2023-10-25 17:10:34,470 - INFO - {'e': 'aggTrade', 'E': 1698233972307, 's': 'DOGEUSDT', 'a': 389247589, 'p': '0.06590000', 'q': '400.00000000', 'f': 527287549, 'l': 527287549, 'T': 1698233972307, 'm': True, 'M': True}
2023-10-25 17:10:34,470 - INFO - {'e': 'aggTrade', 'E': 1698233972307, 's': 'DOGEUSDT', 'a': 389247589, 'p': '0.06590000', 'q': '400.00000000', 'f': 527287549, 'l': 527287549, 'T': 1698233972307, 'm': True, 'M': True}
2023-10-25 17:10:36,498 - INFO - {'e': 'aggTrade', 'E': 1698233972307, 's': 'DOGEUSDT', 'a': 389247589, 'p': '0.06590000', 'q': '400.00000000', 'f': 527287549, 'l': 527287549, 'T': 1698233972307, 'm': True, 'M': True}
2023-10-25 17:10:36,504 - INFO - {'e': 'aggTrade', 'E': 1698233972307, 's': 'DOGEUSDT', 'a': 389247589, 'p': '0.06590000', 'q': '400.00000000', 'f': 527287549, 'l': 527287549, 'T': 1698233972307, 'm': True, 'M': True}
2023-10-25 17:10:38,546 - INFO - {'e': 'aggTrade', 'E': 1698233998095, 's': 'ETHUSDT', 'a': 947962942, 'p': '1785.62000000', 'q': '0.03990000', 'f': 1216858634, 'l': 1216858634, 'T': 1698233998094, 'm': False, 'M': True}
2023-10-25 17:10:38,546 - INFO - {'e': 'aggTrade', 'E': 1698233998095, 's': 'ETHUSDT', 'a': 947962942, 'p': '1785.62000000', 'q': '0.03990000', 'f': 1216858634, 'l': 1216858634, 'T': 1698233998094, 'm': False, 'M': True}
2023-10-25 17:10:40,578 - INFO - {'e': 'aggTrade', 'E': 1698234030928, 's': 'BTCUSDT', 'a': 2738160259, 'p': '34270.49000000', 'q': '0.23942000', 'f': 3256543172, 'l': 3256543172, 'T': 1698234030928, 'm': True, 'M': True}
2023-10-25 17:10:40,578 - INFO - {'e': 'aggTrade', 'E': 1698234030928, 's': 'BTCUSDT', 'a': 2738160259, 'p': '34270.49000000', 'q': '0.23942000', 'f': 3256543172, 'l': 3256543172, 'T': 1698234030928, 'm': True, 'M': True}
2023-10-25 17:10:42,632 - INFO - {'e': 'aggTrade', 'E': 1698234043245, 's': 'BTCUSDT', 'a': 2738160292, 'p': '34270.49000000', 'q': '0.00292000', 'f': 3256543236, 'l': 3256543236, 'T': 1698234043245, 'm': True, 'M': True}
2023-10-25 17:10:42,632 - INFO - {'e': 'aggTrade', 'E': 1698234043245, 's': 'BTCUSDT', 'a': 2738160292, 'p': '34270.49000000', 'q': '0.00292000', 'f': 3256543236, 'l': 3256543236, 'T': 1698234043245, 'm': True, 'M': True}
2023-10-25 17:10:44,704 - INFO - {'e': 'aggTrade', 'E': 1698234045392, 's': 'BTCUSDT', 'a': 2738160300, 'p': '34270.49000000', 'q': '0.05865000', 'f': 3256543244, 'l': 3256543244, 'T': 1698234045392, 'm': True, 'M': True}
2023-10-25 17:10:44,708 - INFO - {'e': 'aggTrade', 'E': 1698234045392, 's': 'BTCUSDT', 'a': 2738160300, 'p': '34270.49000000', 'q': '0.05865000', 'f': 3256543244, 'l': 3256543244, 'T': 1698234045392, 'm': True, 'M': True}
2023-10-25 17:10:46,761 - INFO - {'e': 'aggTrade', 'E': 1698234047635, 's': 'BTCUSDT', 'a': 2738160306, 'p': '34270.50000000', 'q': '0.01030000', 'f': 3256543250, 'l': 3256543250, 'T': 1698234047634, 'm': False, 'M': True}
2023-10-25 17:10:46,761 - INFO - {'e': 'aggTrade', 'E': 1698234047635, 's': 'BTCUSDT', 'a': 2738160306, 'p': '34270.50000000', 'q': '0.01030000', 'f': 3256543250, 'l': 3256543250, 'T': 1698234047634, 'm': False, 'M': True}
2023-10-25 17:10:48,816 - INFO - {'e': 'aggTrade', 'E': 1698234049649, 's': 'XRPUSDT', 'a': 396879504, 'p': '0.55120000', 'q': '6029.00000000', 'f': 559064044, 'l': 559064046, 'T': 1698234049648, 'm': True, 'M': True}
2023-10-25 17:10:48,819 - INFO - {'e': 'aggTrade', 'E': 1698234049649, 's': 'XRPUSDT', 'a': 396879504, 'p': '0.55120000', 'q': '6029.00000000', 'f': 559064044, 'l': 559064046, 'T': 1698234049648, 'm': True, 'M': True}
2023-10-25 17:10:50,890 - INFO - {'e': 'aggTrade', 'E': 1698234051649, 's': 'DOGEUSDT', 'a': 389247634, 'p': '0.06592000', 'q': '2408.00000000', 'f': 527287634, 'l': 527287634, 'T': 1698234051648, 'm': True, 'M': True}
2023-10-25 17:10:50,890 - INFO - {'e': 'aggTrade', 'E': 1698234051649, 's': 'DOGEUSDT', 'a': 389247634, 'p': '0.06592000', 'q': '2408.00000000', 'f': 527287634, 'l': 527287634, 'T': 1698234051648, 'm': True, 'M': True}
