2023-10-22 22:43:33,236 - INFO - {'e': 'aggTrade', 'E': 1697994813287, 's': 'BTCUSDT', 'a': 2733110855, 'p': '29917.81000000', 'q': '0.00501000', 'f': 3249907916, 'l': 3249907917, 'T': 1697994813286, 'm': True, 'M': True}
2023-10-22 22:43:33,238 - INFO - {'e': 'aggTrade', 'E': 1697994813287, 's': 'BTCUSDT', 'a': 2733110855, 'p': '29917.81000000', 'q': '0.00501000', 'f': 3249907916, 'l': 3249907917, 'T': 1697994813286, 'm': True, 'M': True}
2023-10-22 22:43:35,270 - INFO - {'e': 'aggTrade', 'E': 1697994816089, 's': 'BTCUSDT', 'a': 2733110861, 'p': '29917.82000000', 'q': '0.00050000', 'f': 3249907924, 'l': 3249907924, 'T': 1697994816089, 'm': False, 'M': True}
2023-10-22 22:43:35,270 - INFO - {'e': 'aggTrade', 'E': 1697994816089, 's': 'BTCUSDT', 'a': 2733110861, 'p': '29917.82000000', 'q': '0.00050000', 'f': 3249907924, 'l': 3249907924, 'T': 1697994816089, 'm': False, 'M': True}
2023-10-22 22:43:37,323 - INFO - {'e': 'aggTrade', 'E': 1697994818041, 's': 'ETHUSDT', 'a': 945890737, 'p': '1632.03000000', 'q': '2.20480000', 'f': 1213866416, 'l': 1213866417, 'T': 1697994818040, 'm': False, 'M': True}
2023-10-22 22:43:37,323 - INFO - {'e': 'aggTrade', 'E': 1697994818041, 's': 'ETHUSDT', 'a': 945890737, 'p': '1632.03000000', 'q': '2.20480000', 'f': 1213866416, 'l': 1213866417, 'T': 1697994818040, 'm': False, 'M': True}
2023-10-22 22:43:39,391 - INFO - {'e': 'aggTrade', 'E': 1697994820200, 's': 'BTCUSDT', 'a': 2733110992, 'p': '29922.31000000', 'q': '0.00020000', 'f': 3249908076, 'l': 3249908076, 'T': 1697994820199, 'm': True, 'M': True}
2023-10-22 22:43:39,393 - INFO - {'e': 'aggTrade', 'E': 1697994820200, 's': 'BTCUSDT', 'a': 2733110992, 'p': '29922.31000000', 'q': '0.00020000', 'f': 3249908076, 'l': 3249908076, 'T': 1697994820199, 'm': True, 'M': True}
2023-10-22 22:43:41,440 - INFO - {'e': 'aggTrade', 'E': 1697994822256, 's': 'BTCUSDT', 'a': 2733110998, 'p': '29922.31000000', 'q': '0.00323000', 'f': 3249908082, 'l': 3249908082, 'T': 1697994822255, 'm': True, 'M': True}
2023-10-22 22:43:41,440 - INFO - {'e': 'aggTrade', 'E': 1697994822256, 's': 'BTCUSDT', 'a': 2733110998, 'p': '29922.31000000', 'q': '0.00323000', 'f': 3249908082, 'l': 3249908082, 'T': 1697994822255, 'm': True, 'M': True}
2023-10-22 22:43:43,463 - INFO - {'e': 'aggTrade', 'E': 1697994824183, 's': 'BTCUSDT', 'a': 2733111045, 'p': '29923.94000000', 'q': '0.00103000', 'f': 3249908138, 'l': 3249908138, 'T': 1697994824183, 'm': True, 'M': True}
2023-10-22 22:43:43,463 - INFO - {'e': 'aggTrade', 'E': 1697994824183, 's': 'BTCUSDT', 'a': 2733111045, 'p': '29923.94000000', 'q': '0.00103000', 'f': 3249908138, 'l': 3249908138, 'T': 1697994824183, 'm': True, 'M': True}
2023-10-22 22:43:45,518 - INFO - {'e': 'aggTrade', 'E': 1697994826342, 's': 'BTCUSDT', 'a': 2733111052, 'p': '29923.99000000', 'q': '0.02000000', 'f': 3249908150, 'l': 3249908151, 'T': 1697994826341, 'm': True, 'M': True}
2023-10-22 22:43:45,518 - INFO - {'e': 'aggTrade', 'E': 1697994826342, 's': 'BTCUSDT', 'a': 2733111052, 'p': '29923.99000000', 'q': '0.02000000', 'f': 3249908150, 'l': 3249908151, 'T': 1697994826341, 'm': True, 'M': True}
2023-10-22 22:43:47,566 - INFO - {'e': 'aggTrade', 'E': 1697994828299, 's': 'ETHUSDT', 'a': 945890764, 'p': '1632.09000000', 'q': '0.00370000', 'f': 1213866456, 'l': 1213866456, 'T': 1697994828299, 'm': False, 'M': True}
2023-10-22 22:43:47,566 - INFO - {'e': 'aggTrade', 'E': 1697994828299, 's': 'ETHUSDT', 'a': 945890764, 'p': '1632.09000000', 'q': '0.00370000', 'f': 1213866456, 'l': 1213866456, 'T': 1697994828299, 'm': False, 'M': True}
2023-10-22 22:43:49,619 - INFO - {'e': 'aggTrade', 'E': 1697994830229, 's': 'ETHUSDT', 'a': 945890765, 'p': '1632.08000000', 'q': '0.03450000', 'f': 1213866457, 'l': 1213866457, 'T': 1697994830229, 'm': True, 'M': True}
2023-10-22 22:43:49,619 - INFO - {'e': 'aggTrade', 'E': 1697994830229, 's': 'ETHUSDT', 'a': 945890765, 'p': '1632.08000000', 'q': '0.03450000', 'f': 1213866457, 'l': 1213866457, 'T': 1697994830229, 'm': True, 'M': True}
2023-10-22 22:43:51,647 - INFO - {'e': 'aggTrade', 'E': 1697994832129, 's': 'BTCUSDT', 'a': 2733111117, 'p': '29922.32000000', 'q': '0.00501000', 'f': 3249908232, 'l': 3249908232, 'T': 1697994832128, 'm': False, 'M': True}
2023-10-22 22:43:51,647 - INFO - {'e': 'aggTrade', 'E': 1697994832129, 's': 'BTCUSDT', 'a': 2733111117, 'p': '29922.32000000', 'q': '0.00501000', 'f': 3249908232, 'l': 3249908232, 'T': 1697994832128, 'm': False, 'M': True}
2023-10-22 22:43:53,718 - INFO - {'e': 'aggTrade', 'E': 1697994833953, 's': 'ETHUSDT', 'a': 945890782, 'p': '1631.94000000', 'q': '0.02850000', 'f': 1213866496, 'l': 1213866496, 'T': 1697994833952, 'm': False, 'M': True}
2023-10-22 22:43:53,718 - INFO - {'e': 'aggTrade', 'E': 1697994833953, 's': 'ETHUSDT', 'a': 945890782, 'p': '1631.94000000', 'q': '0.02850000', 'f': 1213866496, 'l': 1213866496, 'T': 1697994833952, 'm': False, 'M': True}
2023-10-22 22:43:55,756 - INFO - {'e': 'aggTrade', 'E': 1697994835668, 's': 'BTCUSDT', 'a': 2733111124, 'p': '29922.32000000', 'q': '0.02740000', 'f': 3249908240, 'l': 3249908240, 'T': 1697994835667, 'm': False, 'M': True}
2023-10-22 22:43:55,758 - INFO - {'e': 'aggTrade', 'E': 1697994835668, 's': 'BTCUSDT', 'a': 2733111124, 'p': '29922.32000000', 'q': '0.02740000', 'f': 3249908240, 'l': 3249908240, 'T': 1697994835667, 'm': False, 'M': True}
2023-10-22 22:43:57,792 - INFO - {'e': 'aggTrade', 'E': 1697994835668, 's': 'BTCUSDT', 'a': 2733111124, 'p': '29922.32000000', 'q': '0.02740000', 'f': 3249908240, 'l': 3249908240, 'T': 1697994835667, 'm': False, 'M': True}
2023-10-22 22:43:57,792 - INFO - {'e': 'aggTrade', 'E': 1697994835668, 's': 'BTCUSDT', 'a': 2733111124, 'p': '29922.32000000', 'q': '0.02740000', 'f': 3249908240, 'l': 3249908240, 'T': 1697994835667, 'm': False, 'M': True}
2023-10-22 22:43:59,848 - INFO - {'e': 'aggTrade', 'E': 1697994840405, 's': 'ETHUSDT', 'a': 945890848, 'p': '1632.06000000', 'q': '0.00760000', 'f': 1213866578, 'l': 1213866578, 'T': 1697994840404, 'm': False, 'M': True}
2023-10-22 22:43:59,848 - INFO - {'e': 'aggTrade', 'E': 1697994840405, 's': 'ETHUSDT', 'a': 945890848, 'p': '1632.06000000', 'q': '0.00760000', 'f': 1213866578, 'l': 1213866578, 'T': 1697994840404, 'm': False, 'M': True}
2023-10-22 22:44:03,970 - ERROR - Exception Occured HTTPConnectionPool(host='localhost', port=5000): Max retries exceeded with url: /ltm (Caused by NewConnectionError('<urllib3.connection.HTTPConnection object at 0x000001E135027E10>: Failed to establish a new connection: [WinError 10061] No connection could be made because the target machine actively refused it'))
2023-10-22 22:44:03,970 - ERROR - No data available
2023-10-22 22:44:08,010 - ERROR - Exception Occured HTTPConnectionPool(host='localhost', port=5000): Max retries exceeded with url: /ltm (Caused by NewConnectionError('<urllib3.connection.HTTPConnection object at 0x000001E135031910>: Failed to establish a new connection: [WinError 10061] No connection could be made because the target machine actively refused it'))
2023-10-22 22:44:08,011 - ERROR - No data available
2023-10-22 22:44:12,069 - ERROR - Exception Occured HTTPConnectionPool(host='localhost', port=5000): Max retries exceeded with url: /ltm (Caused by NewConnectionError('<urllib3.connection.HTTPConnection object at 0x000001E135033910>: Failed to establish a new connection: [WinError 10061] No connection could be made because the target machine actively refused it'))
2023-10-22 22:44:12,069 - ERROR - No data available
